1702 2982
290 200 374 243 112
797 195 1103 260 Coniunctivus

284 322 418 349 eorum
441 308 689 358 fungentibus
721 301 1181 361 obniungit·Ann.1,43
1211 324 1329 362 neque
1360 314 1460 351 enim
1488 313 1554 351 dii
1582 316 1639 351 ae*-

284 376 392 416 nant,
430 376 473 406 ut
495 371 724 418 Belgarum,
761 381 996 418 quamquam
1031 369 1287 419 offerentium,
1323 371 1439 408 decus
1470 369 1574 410 istud
1602 380 1639 410 et

285 428 472 467 claritudo
496 430 567 473 sit-
596 426 632 473 4,
649 433 697 470 39
728 430 847 464 moris
881 431 1020 478 quippe
1049 438 1124 466 tum
1155 438 1238 466 erat
1268 441 1491 478 quamquam
1520 443 1638 478 prae-

283 496 423 525 sentem
447 489 584 534 scripto
609 487 736 532 adin,-
760 498 822 535 cp.
841 483 888 524 42
914 495 1054 523 cuncta
1079 488 1209 535 refert,
1237 496 1286 533 et,
1313 500 1550 537 quamquam
1572 491 1637 527 in—

281 554 340 583 ter
363 546 623 594 obstrepentes,
647 558 796 594 magna
822 546 1109 582 adseveratione
1129 549 1281 592 nititur,·
1314 558 1375 594 cp.
1389 553 1436 587 53
1464 550 1552 584 sine
1573 560 1636 584 re·-

282 617 418 659 sponso
444 616 667 652 quamquam
690 606 894 640 instantem
919 607 1090 653 reliquit5
1121 617 1180 654 cp.
1195 607 1241 644 63
1259 605 1424 654 fuitque
1454 605 1547 642 urbs
1565 618 1638 654 per
1659 598 1664 604 ¹

279 665 365 700 illos
390 663 481 708 dies,
507 675 742 711 quamquam
767 670 904 699 moesta
921 664 1038 711 facie,
1069 672 1242 703 veterum
1268 665 1449 719 institutis
1477 665 1636 709 similis,-

283 727 401 768 11,10
442 733 530 758 nam
563 722 699 758 Parthi
724 734 958 770 quamquam
988 725 1150 758 victores
1180 724 1442 772 longinquam
1458 724 1636 759 militiam

281 779 629 828 adspernabantur.
677 780 855 816 Totidem
887 783 1066 829 exempla
1096 780 1251 818 alterius
1281 780 1491 829 particulae
1507 781 1636 822 ,facile

280 837 497 884 inveneris3
537 838 586 875 cf.
620 839 724 875 Ann-
738 844 773 882 2,
790 845 808 876 1
842 842 994 887 petitum
1025 843 1152 876 Roma
1190 847 1473 887 acceptumque,
1493 851 1634 887 regem,

283 899 458 945 quamvis
478 898 602 945 gentis
617 898 910 943 Arsacidarum,
934 904 975 933 ut
992 903 1199 934 'externum
1224 892 1573 946 adspimabantur.
1587 917 1636 927 -
1678 944 1680 947 r

283 956 459 992 Notanda
490 962 547 993 est
579 955 622 991 in
651 955 726 991 hoc
759 967 832 992 usu
866 956 1078 1004 postposita
1111 947 1310 1002 adjectivo'
1336 958 1402 994 vel
1433 955 1636 1011 participio
1696 956 1701 966 ⁸

280 1014 467 1062 particula
499 1014 602 1049 Aun.
622 1019 656 1058 5,
677 1019 702 1056 9
733 1022 956 1050 vanescente
987 1025 1226 1062 quamquam
1262 1014 1384 1062 plebis
1414 1016 1498 1056 ira,·
1529 1015 1564 1059 6,
1587 1020 1636 1054 30

281 1074 391 1118 haec,
415 1074 519 1108 mira
551 1084 805 1124 quamquam,
837 1072 958 1115 fidem
988 1085 1041 1109 ex
1076 1085 1116 1108 eo
1148 1073 1356 1110 trahebant
1387 1080 1481 1118 cet.‚·
1516 1071 1574 1118 14,
1587 1078 1633 1111 21

280 1132 423 1172 redditi
447 1143 680 1179 quamquam
713 1143 848 1167 scenae
873 1132 1116 1179 pantomimi.
1166 1133 1371 1169 [tarsemel
1397 1132 1482 1178 pio.
1513 1131 1657 1173 Acads

279 1189 317 1236 Ιι,
340 1197 386 1229 23
420 1192 548 1226 minus
581 1189 689 1225 bonis
722 1201 958 1238 quamquam
989 1190 1181 1235 versibus,
1214 1190 1282 1226 sed
1314 1197 1444 1231 tamen
1478 1197 1567 1235 cet.,·
1597 1196 1637 1226 et

278 1249 378 1287 Plin.
401 1251 450 1285 Η.
476 1250 522 1284 Ν.
538 1254 595 1293 15,
612 1254 656 1286 12
678 1251 884 1296 grandiore
916 1260 1151 1296 quamquam
1189 1250 1307 1296 ligno.
1355 1250 1452 1284 Nota
1481 1254 1540 1285 est
1570 1259 1636 1284 ea-

280 1308 368 1345 dem
391 1307 489 1343 ratio
513 1309 600 1343 licet
623 1307 840 1355 particulae.
889 1309 940 1344 V.
966 1306 1243 1344 conlocatio
1266 1304 1543 1344 verborum.

375 1366 418 1411 d)
443 1371 674 1414 quantum
698 1378 851 1414 quoque
875 1371 976 1402 recta
1001 1365 1174 1401 oratione
1198 1366 1327 1401 semel*
1342 1378 1365 1400 a
1381 1364 1517 1401 Tacito
1540 1375 1636 1408 con-

280 1423 455 1473 junctivo
479 1422 650 1471 jungitur
674 1422 899 1460 insolentius
919 1425 1022 1458 Ann-
1037 1423 1070 1467 6,
1088 1428 1132 1465 19
1157 1422 1399 1459 interciderat
1416 1425 1534 1463 ,sortis
1557 1424 1634 1475 hu-

279 1495 421 1518 manae
453 1483 720 1518 commercium
751 1482 791 1518 vi
814 1489 954 1526 metus‚·
983 1489 1241 1530 quantumque
1261 1482 1421 1518 saevitia
1438 1482 1631 1530 glisceret,-

279 1542 470 1578 miseratio
496 1539 708 1586 arcebatur.
1093 1571 1102 1577 κ
1462 1534 1466 1536 ‚

374 1599 415 1646 e)
439 1604 489 1634 ut
514 1597 595 1647 qui
619 1609 642 1634 a
665 1597 779 1636 Livio
810 1597 1081 1646 conjunctivo,
1117 1609 1139 1634 a
1165 1597 1347 1635 Cicerone
1379 1596 1495 1634 etiam
1526 1597 1633 1639 indis-

278 1658 408 1696 cativo
447 1656 638 1705 jungitur3
676 1663 882 1706 utrumque
923 1655 1039 1692 habet
1068 1656 1223 1692 Tacitus
1255 1655 1353 1692 Hist.
1373 1660 1409 1701 2,
1430 1660 1476 1694 12
1506 1658 1632 1704 primo

278 1720 428 1766 impetu»
450 1719 555 1752 caesi
591 1715 808 1762 disiectique
838 1717 1022 1761 montani,
1054 1722 1096 1750 ut
1128 1715 1266 1763 quibus
1289 1723 1426 1750 temere
1454 1716 1634 1751 conlectis

277 1796 326 1803 —-
351 1783 468 1822 'neque
505 1767 547 1811 in
585 1774 742 1809 victoria
780 1773 894 1810 decus
926 1781 1020 1809 esset
1061 1785 1180 1823 neque
1212 1775 1254 1809 in
1281 1774 1386 1822 fuga
1411 1775 1633 1822 flagitium,-

279 1835 407 1870 Germ.
424 1838 466 1874 17
490 1839 626 1881 gerunt
651 1840 685 1868 et
698 1828 881 1878 serarum
912 1833 1028 1880 pelles
1051 1850 1099 1858 —
1124 1834 1314 1868 ulteriores
1337 1834 1563 1879 exquisitius,
1590 1839 1635 1868 ut

277 1892 413 1939 quibus
437 1893 564 1927 nullus
586 1905 654 1939 per
678 1893 906 1927 commercia
933 1891 1055 1926 cultus
1078 1891 1164 1936 (est,
1192 1890 1296 1939 quod
1320 1890 1471 1928 facilius
1495 1889 1634 1927 subin-

276 1950 464 1997 telligitur
494 1961 613 1998 quam
643 1950 731 1998 sit>3
772 1948 900 1998 Agric.
924 1954 968 1986 18
1010 1955 1052 1983 ut
1084 1947 1219 1996 quibus
1253 1948 1402 1986 bellum
1423 1948 1632 1987 volentibus

276 2014 373 2044 erat.

371 2068 412 2112 5)
449 2065 687 2113 Quaedam
719 2063 1122 2112 conjunctiones,
1156 2076 1275 2113 quae
1305 2062 1630 2111 conjunctivo

274 2123 566 2173 iunguntur,
606 2122 1273 2170 insolentiusmsurpantur,
1308 2133 1411 2158 cum
1445 2133 1532 2169 pro
1565 2112 1630 2159 i'is

273 2181 495 2229 vulgaris
520 2194 674 2219 sermo
705 2181 822 2218 aliis
855 2186 1017 2216 utatur
1051 2179 1347 2227 particulis,
1390 2186 1473 2215 aut
1510 2179 1631 2217 aliis

277 2246 415 2276 certe
462 2237 931 2288 significationibus
978 2244 1024 2274 et
1071 2236 1336 2276 verborum
1383 2234 1632 2284 juncturis

275 2297 560 2347 frequentet
592 2298 719 2335 illas.

371 2357 412 2402 a)
447 2367 540 2405 quo
565 2371 612 2388 =
636 2362 690 2392 ut
727 2354 947 2403 saepissime
980 2366 1003 2390 a
1027 2353 1161 2390 Tacito
1196 2359 1424 2400 usurpatur,
1466 2352 1630 2410 singulis

276 2412 465 2460 exemplis
491 2420 697 2460 praeeunte
722 2413 913 2450 Cicerone.
961 2411 1105 2449 Similis
1137 2410 1232 2447 ratio
1267 2417 1324 2446 est
1353 2410 1435 2457 ejus
1467 2422 1631 2448 consue*-

274 2471 432 2515 tudinis,
466 2483 544 2520 qua
564 2484 644 2518 spro
676 2479 718 2508 ut
750 2484 790 2507 eo
825 2470 981 2519 ponitur
1011 2483 1080 2518 quo
1117 2480 1206 2506 cum
1239 2468 1511 2515 comparativis
1535 2480 1630 2506 con-

275 2529 461 2579 junctum,
495 2535 540 2565 ut
573 2530 653 2567 Cic.
687 2530 734 2566 de
769 2542 822 2566 or.
837 2534 871 2574 2,
886 2535 932 2568 30
963 2528 1119 2565 subacto
1151 2528 1238 2563 mihi
1270 2529 1420 2575 ingenio
1453 2539 1545 2574 opus
1576 2522 1631 2564 est

276 2596 319 2625 ut
342 2601 436 2637 agro
461 2600 538 2623 non
561 2589 676 2623 semel
698 2595 819 2633 arato,
845 2587 914 2624 sed
937 2595 1074 2623 novato
1109 2594 1143 2622 et
1174 2588 1317 2629 iterato,
1352 2598 1423 2636 quo
1457 2587 1629 2622 meliores

264 2646 398 2693 foetus
424 2647 546 2694 possit
569 2653 604 2682 et
626 2646 852 2695 grandiores
875 2646 1012 2690 ederet,
1037 2645 1085 2681 cf.
1113 2656 1209 2698 quae
1233 2644 1275 2679 in
1300 2642 1629 2690 adjectivo-de

276 2718 352 2743 usu
374 2703 537 2754 positivi
561 2715 632 2752 pro
655 2704 916 2751 comparativo
948 2703 1048 2740 dicta
1078 2708 1178 2740 sunt.
1228 2702 1303 2738 Sed
1331 2701 1440 2738 haud
1468 2712 1553 2738 raro
1585 2701 1630 2738 in

1558 2758 1628 2796 illo
