1702 2982
489 205 805 272 spiramentum
835 229 892 258 ·.-·
924 204 1063 251 Statio
1368 205 1451 251 441
1499 245 1504 249 ⁴

197 324 556 364 SPIRAMENTUM
567 320 615 357 ad
628 325 780 366 tempus
802 308 971 363 refertur*
983 320 1100 363 ajolo
1117 304 1251 355 Taciio
1268 319 1398 368 Agric.
1411 317 1459 357 44

102 400 180 424 non
199 387 278 431 jam
301 396 372 434 per
394 381 595 426 intervalla
629 386 664 416 et
687 380 917 427 spiramenta
941 383 1142 435 temporum
1167 379 1369 427 (φαῃςςη),
1391 379 1460 414 sed

104 447 292 482 continuo.
789 456 801 467 e
1318 457 1335 465 ,

197 484 386 542 SPONTE
410 510 492 535 non
515 499 644 534 solum
667 495 843 532 absolute
873 495 940 532 vel
971 492 1112 540 junctis
1145 507 1238 541 mea,
1273 503 1353 540 tua,
1387 509 1461 531 sua

102 554 412 617 pronomihibus
424 562 642 604 usurpatur,
676 556 746 592 sed
779 566 868 592 oum
893 552 1063 603 genstixso
1090 551 1204 588 etiam
1228 554 1483 597 construitur(

87 614 211 665 ,more
247 630 326 667 arg.
365 615 497 653 aetatis
530 616 636 651 Anu.
657 614 692 660 2,
718 619 766 656 59
799 618 931 661 sponte
961 613 1169 659 principis5
1209 609 1244 658 4,
1269 614 1289 651 7
1329 620 1463 658 sponte

101 677 310 726 praefecta,
335 686 394 723 cp.
409 680 465 713 51
477 681 609 721 sponte
620 674 850 713 incolarum
875 672 910 718 6,
924 677 968 709 31
983 677 1116 717 sponte
1131 672 1325 714 Caesam
1344 676 1400 717 12,
1416 670 1463 708 42
1526 675 1530 678 ”

104 749 210 782 quus
233 742 365 783 sponte
387 733 676 782 praesto-eretur,-
704 738 761 777 13,
775 730 822 770 42
848 737 982 778 sponte
1006 730 1228 776 litigatoris,
1252 728 1401 773 Ηί51.4,
1419 735 1465 773 19

91 802 240 843 Λθρωπε
266 795 491 842 legatorum;
516 793 567 830 cf.
591 792 690 828 Plin.
714 793 764 826 Η.
788 792 834 826 Ν.
852 795 908 834 10,
925 791 970 830 75
995 795 1129 835 sponte
1160 795 1342 830 naturae,
1369 787 1465 832 1439

104 861 239 902 sponte
262 863 354 889 suae
377 860 550 889 naturae.
576 850 722 888 Priores
745 850 942 886 voluntate
967 847 1011 883 in
1034 848 1141 883 hunc
1165 847 1326 883 modum
1351 859 1466 883 usur-

105 918 212 962 pant,
238 924 271 948 e.
296 924 333 960 g.
359 911 445 949 Liv.
458 908 518 957 42,
532 911 578 951 67
603 910 796 946 voluntate
818 908 1075 951 incolentium,
1109 907 1210 943 Caes.
1241 907 1286 943 B.
1314 906 1354 942 C.
1367 911 1402 950 3,
1418 910 1465 944 55

109 964 273 1016 Thebas,
303 972 566 1007 Orchomenum
590 968 784 1005 voluntate
810 969 980 1017 ipsarum
1005 968 1208 1005 civitatum
1214 966 1366 1010 recepit.
1392 963 1468 1000 Sed

106 1028 286 1079 proxime
310 1029 358 1064 ad
382 1029 496 1064 illum
520 1038 637 1064 usum
673 1025 818 1062 accedit
850 1024 970 1062 Curtii
1000 1027 1109 1060 locus
1121 1022 1156 1068 4,
1174 1029 1206 1069 1,
1222 1024 1269 1061 16
1303 1022 1468 1059 deditio-

106 1102 186 1126 nem
210 1089 330 1136 magis
349 1087 599 1134 popularium,
628 1097 738 1131 quam
762 1095 833 1119 sua
858 1090 991 1130 sponte
1004 1082 1173 1129 fecerat.

151 1152 154 1153 ’
198 1147 468 1184 STAGNARE
492 1145 520 1181 i.
545 1157 583 1193 q.
611 1142 800 1178 inundare
825 1141 924 1191 sign.
956 1140 1104 1178 transit.
1141 1152 1201 1188 ap.
1235 1151 1359 1175 unum
1391 1142 1470 1175 Ta-

107 1206 230 1244 citum
253 1205 394 1255 legitur
416 1205 522 1240 Anu.
539 1209 571 1247 1,
587 1203 634 1243 76
656 1201 800 1238 Tiberis
827 1202 949 1249 plana
973 1199 1079 1235 urbis
1103 1205 1377 1247 stagnaverat,·
1403 1198 1470 1234 in-

107 1264 255 1302 transit.
282 1263 395 1300 etiam
422 1275 485 1310 ap.
512 1268 655 1310 poetas,
684 1260 800 1303 Curt„
828 1261 878 1294 al.
905 1258 1115 1295 invenitur.

204 1323 359 1360 STARE
386 1325 423 1368 1)
447 1321 474 1357 i.
488 1334 527 1370 q.
550 1319 849 1364 subsistere,
876 1317 967 1353 dein
992 1317 1334 1366 acquiescere,
1361 1328 1471 1352 con-

108 1388 300 1419 tentum
326 1393 430 1418 esse
455 1380 556 1416 Hist.
571 1377 606 1422 4,
616 1379 661 1419 67
692 1376 778 1412 belli
802 1378 957 1423 impetus
981 1378 1097 1419 stetit,·
1122 1378 1223 1411 Ann.
1238 1382 1272 1420 3,
1288 1380 1333 1417 75
1355 1388 1472 1424 prae-

110 1447 233 1487 turam
255 1442 359 1475 intra
382 1441 501 1483 stetit,·
539 1442 595 1482 12,
612 1442 658 1474 22
692 1437 752 1472 vis
783 1436 1043 1483 Agrippinae
1054 1436 1155 1471 citra
1185 1437 1316 1471 ultima
1351 1437 1472 1477 stetit,-

112 1498 148 1546 4,
166 1498 213 1539 40
239 1506 338 1535 ceter
339 1511 372 1534 zs
396 1495 618 1533 mortalibus
642 1497 683 1531 in
710 1508 749 1531 eo
770 1501 881 1533 stam
906 1495 1079 1541 consilia,
1108 1494 1202 1544 quid
1226 1493 1297 1530 sibi
1324 1493 1474 1530 condu-

112 1572 197 1597 cere
220 1564 372 1609 patefit,-
378 1556 634 1604 principium
659 1553 848 1591 diversam
881 1565 958 1589 esse
982 1560 1136 1595 sortem,
1169 1555 1273 1591 haud
1297 1566 1383 1590 raro
1410 1566 1475 1590 ce-

50 1636 57 1642 ·
110 1619 184 1656 teri
217 1615 395 1667 quoque,
430 1614 546 1651 etiam
577 1613 744 1662 priores,
778 1613 833 1648 ita
865 1611 986 1647 locuti
1017 1618 1118 1648 sunt.
1169 1615 1210 1659 2)
1235 1613 1262 1649 i.
1290 1625 1328 1662 q.
1356 1599 1476 1649 con-

113 1684 242 1715 stare
274 1677 321 1711 de
355 1673 479 1722 pretio
500 1673 604 1709 ⁶Hist.
620 1678 654 1718 3,
670 1677 717 1710 53
754 1670 893 1716 majore
926 1670 1086 1717 damno,
1128 1672 1295 1718 plurium
1328 1671 1476 1706 urbium

111 1736 273 1772 excidiis
295 1741 435 1771 veteres
461 1734 599 1769 civium
625 1731 838 1768 discordias
869 1732 1012 1766 stetisse
1019 1748 1032 1774 ,-
1066 1741 1127 1777 cp.
1144 1734 1189 1771 72
1214 1743 1318 1767 nunc
1345 1732 1476 1779 palam

113 1790 613 1840 obsessumf(capitolium‘)
648 1811 696 1816 —
733 1803 804 1838 quo
841 1798 974 1826 tantae
1014 1789 1141 1825 cladis
1174 1792 1292 1836 pretio
1330 1790 1476 1834 stetit?;

110 1854 241 1901 Agric.
257 1852 302 1890 16
329 1852 424 1887 haec
448 1850 578 1885 seditio
611 1851 692 1894 sine
723 1851 910 1898 sanguine
941 1850 1056 1900 stetit,
1091 1846 1162 1883 ubi
1192 1847 1294 1884 vide
1316 1847 1473 1884 walch.

115 1912 162 1948 cf.
196 1911 281 1947 Liv.
295 1916 329 1954 3,
346 1911 391 1947 60
427 1908 534 1945 haud
570 1910 648 1944 scio
687 1918 738 1944 an
776 1929 824 1936 ——
861 1920 998 1956 magno
1023 1905 1252 1943 >detrimento
1290 1913 1478 1942 certamen

114 1977 298 2006 staturum
322 1969 459 2016 fuerit.
516 1966 676 2014 Saepius
711 1974 846 2015 poetae
881 1973 920 2004 et
952 1978 1030 2015 arg.
1066 1972 1138 2002 aet.
1173 1965 1321 2014 scriptt.
1348 1965 1403 2001 ita
1436 1966 1475 2002 h.

112 2041 152 2067 v.
178 2027 237 2063 usi
263 2033 364 2063 sunt.
555 2023 561 2026 “

211 2085 397 2122 STATIO
437 2095 501 2132 ap.
534 2083 711 2120 Tacitum
742 2085 769 2121 i.
802 2097 840 2134 q.
874 2096 1030 2121 annus
1065 2091 1121 2121 est
1154 2082 1314 2124 Dia1.17
1350 2082 1480 2127 adjice

117 2152 264 2182 sextam
290 2144 371 2189 jam
391 2143 527 2190 felicis
557 2144 671 2188 hujus
697 2146 942 2193 principatus
973 2145 1184 2188 stationem,
1220 2155 1295 2191 qua
1334 2146 1481 2189 Vespa—

115 2205 250 2240 sianus
274 2203 535 2251 rempublicam
549 2203 660 2256 fovet
685 2202 796 2249 (vide
820 2202 1071 2251 spatium).
1098 2205 1156 2238 De
1179 2201 1281 2238 vitae
1306 2201 1482 2249 imperii—
1502 2238 1509 2241 ,

118 2275 195 2313 que
220 2262 344 2310 spatio
369 2257 407 2298 et
431 2262 478 2298 de
503 2261 588 2310 ipso
613 2261 777 2310 imperIO
809 2262 850 2298 h.
874 2273 915 2299 v.
941 2266 1129 2308 usurpant
1160 2258 1347 2306 Venejus,
1381 2260 1478 2297 Plin.

118 2315 246 2359 mi'nor
270 2327 307 2357 et
330 2321 530 2378 Suetoni33
564 2322 717 2365 Ve11.2,
735 2326 801 2358 131
833 2322 864 2355 ei
887 2319 1028 2367 functo
1064 2320 1283 2366 longissima
1317 2321 1483 2354 statione

122 2380 268 2415 mortali
295 2378 477 2416 destinate
501 2391 735 2417 successores
762 2392 874 2429 quam
898 2382 1119 2422 serissimos;
1159 2375 1307 2424 cps12li
1333 2385 1374 2413 ut
1399 2384 1483 2412 sta-

123 2439 216 2474 tioni
247 2445 431 2486 paternae
462 2440 697 2488 succedenti
721 2439 818 2474 Plin.
844 2442 936 2474 Pan.
952 2442 973 2478 7
993 2444 1217 2485 »assumptus
1242 2449 1280 2471 es
1307 2437 1349 2471 in
1376 2436 1484 2471 lalao-
1518 2466 1521 2471 .

126 2509 207 2532 rum
232 2515 278 2523 -—
303 2501 540 2543 consortium,
575 2511 646 2534 nec
670 2506 707 2534 te
741 2499 905 2534 laeta.et
937 2507 1119 2544 prospera
1155 2495 1331 2530 stationis
1362 2496 1481 2537 istius,

125 2555 194 2592 sed
219 2567 354 2602 aspera
378 2564 412 2593 et
442 2556 540 2592 dura
565 2557 619 2593 ad
652 2557 920 2604 capessendam
946 2568 1025 2591 eam
1051 2555 1308 2602 compulerunt
1315 2569 1328 2596 ,·
1361 2564 1422 2599 cp.
1439 2552 1485 2590 86
1510 2591 1514 2597 Ν

125 2614 380 2663 intelligimus,
414 2619 565 2660 Caesar,
594 2622 772 2663 quantum
804 2615 870 2651 tibi
894 2628 962 2663 pro
997 2614 1188 2651 laboriosa
1220 2613 1294 2646 ista
1327 2613 1486 2646 statione

129 2680 163 2708 et
195 2675 356 2708 exercita
389 2666 755 2719 debeamus‚·'·Suet.
790 2674 924 2711 Claud.
946 2680 991 2712 38
1026 2687 1073 2709 ne
1105 2673 1301 2708 stultitiam
1339 2669 1486 2722 quidem

60 2728 64 2736 ’
124 2743 240 2768 suam
264 2733 422 2777 reticuit,
447 2731 728 2781 simulatamque
753 2743 780 2779 a
806 2745 847 2768 se
871 2745 916 2768 ex
939 2732 1131 2769 industria
1160 2729 1230 2766 sub
1259 2728 1361 2777 Caio,
1387 2728 1489 2778 quod

1368 2884 1399 2913 Q
