1702 2982
274 197 366 238 208,
830 189 1049 236 Genitivus
1390 196 1420 222 ό

275 313 331 343 est
354 305 456 355 quod
484 315 678 352 progener.
726 302 868 339 Eodem
902 302 1017 339 modo
1049 304 1169 340 (imita
1193 305 1319 351 (soror
1342 303 1480 354 patris)
1503 306 1608 343 Aim-
1671 319 1679 323 ”

274 371 310 411 2,
323 369 367 405 27
384 370 448 408 ,est
472 365 592 399 amita
615 362 737 406 major
745 376 758 405 ‚·
792 362 893 399 Ann‘.
907 367 941 408 2,
956 361 1014 400 43.
1030 367 1074 400 53
1100 369 1137 399 et
1159 361 1194 406 4,
1208 369 1229 401 3
1265 365 1478 399 avunculus
1508 362 1610 400 dici-

271 430 336 459 tur
359 434 428 470 pro
453 422 638 457 avunculo
663 421 806 464 majore
831 432 861 455 s.
888 433 1096 467 proavunc.
1143 423 1199 457 Ita
1222 422 1324 457 Suet.
1359 421 1505 459 oct-s68
1538 423 1611 456 Ju-

224 514 229 519 .,
270 482 369 517 lium
395 481 587 517 Caesarem
613 481 844 516 avunculum
878 473 1080 514 octaviani
1102 478 1204 515 dicit.
1252 480 1392 515 Eadem
1423 479 1521 516 ratio
1550 485 1611 516 est

264 540 407 588 frueris
432 538 478 573 de
502 538 612 573 fratre
636 537 838 584 adoptivo;
863 536 917 595 sic
943 537 1190 574 Germanicus
1214 537 1327 574 frater
1355 537 1469 574 Drusi
1491 548 1612 585 voca-
1671 574 1683 588 κ

273 606 335 636 tur
359 597 426 646 qui
449 597 551 631 finus
577 595 723 631 Tiberii
747 601 836 631 erat.
1304 636 1309 644 .

366 655 630 691 GENlTIVUS
667 653 706 687 in
741 665 819 688 um
863 651 1040 689 desinens
1081 654 1167 689 loco
1213 664 1344 690 orum
1388 652 1608 702 saepissime

229 712 232 715 ’
270 720 475 761 usurpatur
492 719 663 748 anostro.
690 714 742 746 Ita
761 706 869 747 deu'm
889 722 1007 758 prope
1025 717 1237 747 constanter
1252 709 1421 755 exhibet,
1438 711 1610 759 dump.

269 774 365 810 alios
397 771 547 807 variant
583 770 734 809 deorum
761 771 877 813 (Ann.
894 775 926 815 1,
942 772 1008 813 733
1034 771 1157 804 Germ.
1171 767 1250 815 34)¹
1268 775 1308 805 et
1341 767 1473 812 deum}
1514 768 1610 805 zibe-

267 844 353 868 ram
379 837 415 866 et
441 829 638 865 liberorum
665 828 769 872 dicit,
794 828 867 863 hoc
893 839 924 864 e.
945 838 979 874 g.
1008 825 1158 870 Anndt,
1173 830 1236 869 71,
1262 826 1359 862 illud
1385 819 1608 873 Ann.2,383
1657 848 1659 853 v

227 882 240 917 ⁹
268 897 304 936 3,
319 896 376 927 25.
390 893 455 933 353
491 893 546 929 12,
558 885 616 924 44.
665 889 720 921 Ita
745 886 826 922 Liv.
863 897 1016 933 quoque
1040 891 1076 920 et
1101 884 1176 921 Cic.
1208 884 1263 924 cf.
1290 886 1354 921 Or.
1367 883 1415 924 46
1445 897 1524 921 ηοη
1547 885 1610 921 di-

267 951 319 986 'cit
351 948 526 989 liberum,
561 952 600 980 ut
631 946 797 992 plerique
829 945 1034 990 loquimur5
1067 944 1177 979 Verr.
1193 948 1225 987 1,
1241 948 1307 987 303
1342 948 1376 987 5,
1390 941 1503 987 9.45;
1537 953 1607 990 pro

269 1009 416 1045 Cluent.
439 1008 496 1042 61.
519 1005 575 1045 69.
598 1007 656 1043 70.
684 1026 732 1032 -
764 1003 905 1038 Eodem
939 1002 1054 1038 modo
1085 1003 1276 1048 posteram
1309 1002 1423 1038 habet
1451 1001 1608 1038 Tacitus

266 1067 368 1102 Ann.
381 1070 415 1107 3,
431 1067 497 1106 723
525 1062 861 1109 quindecimvirum
886 1063 985 1096 Ann.
1000 1062 1102 1106 6,12.
1130 1060 1264 1096 Livius
1289 1060 1392 1096 haud
1420 1070 1506 1095 raro
1530 1059 1610 1095 uti·-

235 1162 239 1165 ,
265 1130 330 1160 tur
361 1123 431 1157 hac
463 1119 660 1167 scriptura,
695 1119 860 1169 dicitque
885 1119 1066 1165 Iiberrim,
1102 1119 1225 1164 deam,
1261 1120 1515 1161 duumvir-am,
1543 1129 1608 1154 so-
1673 1120 1676 1122 ’

229 1221 232 1224 v
268 1182 383 1224 ciam,
404 1178 586 1221 modium,
609 1179 819 1222 nummum,
841 1179 1034 1223 talentum,
1062 1178 1192 1222 dm‘lm,
1221 1178 1451 1214 Celtiberam.
1499 1177 1610 1211 More

266 1246 365 1288 poet.
397 1237 443 1273 ab
477 1242 617 1283 argent.
651 1242 720 1272 aet.
761 1236 906 1283 scriptt.
938 1242 1090 1283 recepto
1124 1233 1336 1280 Ann.l1,lr1
1371 1236 1606 1270 salutantum
1652 1261 1662 1269 „

264 1298 403 1345 legitur
427 1308 495 1343 pro
521 1295 764 1329 salutantium
791 1300 828 1329 et
853 1294 906 1330 sic
931 1296 1041 1341 plura
1065 1293 1233 1339 ejusdem
1257 1293 1415 1342 generis.

361 1352 593 1400 Syntaxis
626 1351 852 1400 genitivi.
901 1350 1126 1388 Accuratius
1150 1355 1374 1401 plerumque
1399 1361 1516 1400 quam
1539 1360 1607 1386 ce-

263 1413 334 1451 teri
366 1411 518 1447 Tacitus
557 1410 738 1457 exprimit
777 1409 891 1456 hujus
930 1421 1038 1446 casus
1077 1410 1271 1457 propriam
1313 1408 1517 1451 rationem,
1561 1418 1606 1443 ac

262 1479 373 1518 saepe
406 1470 459 1505 ibi
493 1480 645 1518 quoque
674 1467 842 1516 genitivo
872 1467 1010 1513 utitur,
1042 1467 1111 1503 ubi
1141 1466 1308 1516 vulgaris
1341 1477 1465 1502 sermo
1497 1464 1608 1501 abla-

262 1531 386 1566 tivum
410 1531 472 1564 vel
505 1526 765 1562 accusativum
796 1526 1064 1573 praepositioni
1094 1526 1268 1574 junctum
1297 1530 1467 1572 usurpat.
1513 1525 1608 1560 Pro-

263 1588 369 1624 xime
394 1587 520 1635 itaque
546 1584 689 1621 accedit
714 1584 759 1619 ad
787 1585 1013 1620 Graecorum
1038 1597 1163 1622 usum.
1639 1576 1649 1581 ’

360 1645 398 1690 1)
429 1643 679 1693 genitivus
705 1642 787 1691 qui
811 1641 1323 1691 diciturwobjectivus..
1341 1642 1390 1676 Ut
1413 1639 1482 1676 alii
1504 1651 1608 1676 non-

261 1715 461 1750 nunquam
494 1701 718 1749 pronomine
744 1706 902 1735 utuntur
935 1701 1169 1750 possessivo,
1205 1713 1274 1748 pro
1299 1698 1480 1748 genitivo,
1506 1700 1540 1735 e.
1567 1709 1604 1747 g.

260 1761 408 1798 fidncia
433 1767 498 1795 tu'a
523 1761 686 1796 dicentes
710 1771 779 1806 pro
801 1757 956 1801 fiducia
980 1762 1051 1803 tui,
1085 1759 1138 1794 ita
1167 1759 1322 1794 Tacitus
1355 1763 1510 1801 contra,
1543 1755 1604 1793 sui

260 1819 344 1855 aevi
369 1831 483 1861 more,
511 1816 776 1866 praeeuntibus
802 1823 928 1852 tamen
957 1818 1143 1864 exemplis
1169 1817 1352 1863 priorum,
1388 1814 1608 1862 genitivum
1630 1841 1635 1845 -
1673 1830 1683 1836 ἃ

261 1889 371 1925 pron.
402 1875 518 1912 subst.
543 1882 700 1922 usurpat
723 1877 807 1910 loco
832 1874 1046 1922 possessivi,
1079 1881 1121 1909 ut
1151 1876 1268 1922 vulgo
1302 1868 1435 1908 Graeci
1466 1868 1604 1916 ἑαυτοῦ,

259 1932 340 1980 μοῦ,
367 1933 442 1971 σοῦ’.
467 1946 593 1982 neque
618 1945 707 1968 sane
743 1939 797 1968 est
821 1933 925 1981 quod
948 1932 1207 1978 vituperemus
1233 1932 1331 1966 hanc
1357 1929 1605 1978 consuetudi-

259 2003 369 2035 nem,
409 2004 498 2026 nam
533 1992 710 2037 exempla
745 1990 900 2034 docent,
934 2002 1110 2038 magnam
1142 1989 1231 2025 inde
1263 1988 1346 2025 vim
1375 1991 1603 2037 plerumque

260 2050 349 2086 addi
374 2049 544 2085 orationi.
592 2050 692 2084 Ann.
710 2046 803 2091 14,9
833 2049 935 2083 hunc
958 2050 1015 2082 sui
1041 2047 1159 2088 finem
1192 2048 1327 2082 multos
1359 2053 1447 2087 ante
1479 2057 1602 2081 annos

259 2107 472 2145 crediderat
495 2100 716 2153 Agrippino
742 2111 1081 2152 contempseratque
1089 2122 1102 2150 ,·
1135 2103 1170 2149 4,
1185 2103 1231 2142 24
1255 2104 1452 2140 Dolabella
1475 2105 1599 2150 prtmo

257 2169 316 2202 sui
341 2168 487 2201 incessu
511 2166 619 2200 solvit
644 2164 827 2199 obsidium
861 2164 966 2206 (cum
999 2163 1080 2210 ipse
1113 2163 1193 2197 dux
1222 2165 1331 2197 Rom.
1369 2161 1600 2205 accederet„

259 2230 316 2269 15,
332 2225 379 2262 36
402 2237 480 2260 ηοη
505 2225 656 2270 longam
684 2224 742 2257 sui
767 2221 954 2266 (Neronis,
992 2222 1058 2269 qui
1085 2226 1270 2268 quantum
1294 2231 1335 2256 se
1367 2219 1495 2259 virum
1527 2218 1600 2254 ha-

255 2283 381 2319 buerit
405 2287 549 2318 constat
572 2281 669 2316 inter
697 2282 844 2326 omnes)
871 2281 1076 2314 absentiam
1102 2286 1135 2313 et
1161 2284 1300 2313 cuncta
1330 2278 1370 2311 z‘n
1402 2275 1599 2322 republica

256 2341 411 2390 perinde
434 2342 652 2375 inmota‘ac
674 2349 858 2385 prospera
879 2338 990 2384 fore,·
1022 2342 1056 2382 2,
1071 2335 1118 2374 54
1151 2335 1200 2371 ab
1234 2336 1313 2378 Ilio,
1349 2346 1515 2381 quaeque
1545 2333 1600 2369 ibi

254 2402 437 2437 varietate
453 2399 635 2445 fortunae
660 2405 693 2433 et
716 2400 832 2433 nostri
858 2395 1000 2443 origine
1030 2396 1237 2441 (Romanus
1262 2393 1452 2440 loquitur)
1485 2405 1600 2430 vene-

255 2458 402 2501 randa,
445 2457 572 2504 relegit
611 2459 743 2492 Asiam
754 2473 765 2500 ;
805 2456 838 2499 6,
853 2459 898 2491 22
931 2467 1006 2489 non
1038 2454 1146 2487 initia
1177 2452 1293 2486 nostri
1325 2450 1598 2497 (mortalium)

254 2530 332 2553 non
358 2518 492 2562 finem,
528 2528 603 2550 non
636 2516 794 2561 denique
824 2513 993 2548 homines
1026 2511 1100 2547 diis
1134 2521 1266 2552 curae5
1296 2507 1391 2546 Hist.
1406 2514 1440 2552 3,
1453 2506 1502 2546 34
1533 2510 1598 2545 hic

254 2577 372 2609 exitus
408 2578 624 2620 Cremonae,
660 2586 759 2609 anno
795 2573 1060 2608 CCLXXXVI
1090 2581 1115 2602 a
1136 2567 1340 2612 primordio
1375 2568 1454 2610 sui,-
1493 2568 1594 2602 Ann.

253 2638 310 2678 15,
324 2631 369 2670 43
396 2632 623 2678 aedificia—
644 2634 747 2668 certa
768 2633 826 2666 sui
849 2637 959 2677 parte
983 2631 1062 2664 sine
1085 2626 1274 2672 trabibus,
1300 2626 1596 2679 saffo—soli—
1623 2647 1625 2650 ι

253 2691 443 2728 darentur.
483 2709 530 2718 —-
586 2691 643 2729 Cf.
688 2691 766 2730 Cic.
806 2689 869 2726 fin.
889 2693 923 2734 5,
948 2694 992 2726 13
1031 2687 1092 2723 cui
1129 2686 1326 2733 proposita
1366 2686 1414 2720 sit
1444 2694 1596 2736 conser-

1487 2743 1596 2778 ‚vatio
