1702 2982
250 175 338 220 364
663 171 750 216 Po
745 172 831 218 ‘itio
861 200 916 208 -
948 173 1184 236 Postquam

250 287 455 332 Ciceronis,
493 285 607 332 Livii,
642 285 812 324 altorum
850 278 1027 335 exempla'
1056 286 1097 322 in
1129 288 1296 326 Tursell.
1328 287 1376 325 de
1406 290 1521 336 parts
1542 287 1600 327 Gr.

249 359 459 396 prorsus.
1558 355 1594 372 M
1659 389 1663 393 ¹

343 405 535 440 POSITIO
561 405 652 439 coeli
675 403 805 452 Agric.
822 410 878 448 11,
905 416 980 453 qua
1005 405 1281 453 significatione
1313 406 1394 441 sola
1425 405 1602 453 argentea
1625 420 1641 437 π

249 471 350 501 aetas
374 474 576 510 usurpasse
601 462 756 499 videtur
780 462 819 497 h.
831 475 871 499 v.
922 463 976 500 Cf.
1002 463 1099 498 Ptin.
1123 464 1240 510 Epist.
1265 470 1320 507 10,
1337 469 1384 505 59
1419 463 1602 510 (Traiani

247 525 322 571 est)
359 524 430 558 loci
461 523 616 585 positio,·
662 521 804 565 Seneca
839 531 954 556 cons.
954 521 1026 556 ad
1064 523 1178 560 Helv.
1199 524 1222 562 6
1254 523 1415 559 urbium
1445 535 1600 560 amoena

243 584 389 630 positio.
756 588 768 606 ’
1427 589 1433 593 ”
1518 590 1520 595 ·

341 640 555 684 POSITUS,
583 639 642 673 US
668 637 773 673 Ann.
786 637 822 682 4,
838 643 859 676 5
881 640 1005 685 positu
1030 640 1215 687 regionis,·
1253 641 1287 686 6,
1301 645 1345 679 21
1369 642 1516 688 positas
1543 641 1599 675 si—

247 697 403 742 derum5
429 697 477 732 cf.
492 698 584 732 Sall.
599 696 695 732 Hist
709 698 743 734 6
771 702 917 744 ρ.1003
939 699 1081 744 positus
1104 699 1271 735 insulae«
1313 698 1428 736 Ovid.
1441 694 1599 767 qltoque

247 766 284 795 et
310 760 442 796 Celsus
469 757 527 792 usi
554 762 643 791 sunt
668 756 705 790 h.
721 767 761 791 v.
1604 790 1605 801 ,

340 815 591 851 POSSESSIO
619 813 646 848 i.
660 826 696 863 q.
723 813 985 862 occupatio
1011 815 1114 850 Ann.
1129 820 1163 861 2,
1181 819 1203 853 5
1228 819 1270 852 αι
1301 816 1335 852 si
1358 828 1468 857 mare·
1481 817 1601 851 intre-

246 884 319 920 tur,
346 881 550 923 promptam
573 875 667 920 ips-is
692 874 951 919 possessionem
966 880 999 907 ιι
1019 874 1373 923 hostibusz'grwtam.
1422 875 1479 909 lta
1497 879 1600 910 recte

247 947 338 972 sane
364 945 452 969 oum
482 931 592 967 libris
621 931 855 974 Gronovius,
883 943 962 965 non
985 931 1254 977 profectionem
1281 928 1450 979 exhibet,
1473 933 1600 980 possi-

249 995 337 1030 dere
356 984 561 1026 ‘interdum
597 989 698 1024 idem
731 1001 811 1026 esse
845 988 975 1024 dicens
1007 990 1110 1037 quod
1138 1003 1334 1039 occupare,
1373 998 1417 1028 ut
1441 990 1536 1046 Hist.
1561 995 1597 1035 3,

248 1059 282 1090 8.
308 1056 354 1092 59
390 1060 560 1096 possessa
598 1050 691 1094 ipso¹
713 1049 876 1083 transitu
925 1048 1069 1083 Vicetia
1109 1055 1145 1084 et
1177 1062 1352 1096 possessa
1389 1050 1600 1093 Mevania,-

244 1110 373 1159 Agric.
395 1113 439 1145 18
472 1110 629 1144 Monam
655 1107 836 1153 insulam,
873 1107 981 1150 cujus
1010 1110 1244 1152 possessione
1269 1107 1351 1154 c‘et„
1389 1115 1428 1144 et
1451 1107 1597 1144 similes

181 1176 210 1185 1.
247 1167 414 1207 caesuris
442 1165 622 1213 Liviique
646 1166 751 1199 locos
776 1163 891 1220 affert,
908 1163 1048 1216 quibus
1072 1166 1169 1201 adde
1194 1166 1277 1202 Liv.
1291 1165 1350 1211 42,
1367 1172 1411 1205 23
1437 1167 1600 1215 amplius

245 1227 486 1274 septuaginta
523 1223 666 1271 oppida
690 1244 739 1251 ——-
764 1223 908 1258 biennio
936 1225 1112 1269 proaeimo
1144 1226 1386 1260 Masinissam
1422 1228 1461 1261 vi
1486 1232 1598 1272 atque

245 1287 358 1322 armis
383 1283 609 1330 possedisse.
658 1281 732 1316 Sed
757 1281 887 1316 minus
911 1288 1012 1316 recte
1047 1278 1263 1320 Gronovius
1296 1283 1366 1319 illo
1397 1285 1598 1330 locopos-

244 1346 356 1380 sessio
381 1342 493 1378 refert
517 1339 565 1375 ad'
591 1352 693 1374 mare
722 1340 834 1374 facile
861 1347 1048 1386 occupatu
1080 1341 1273 1377 Romanis.
1330 1341 1442 1377 Solus
1480 1335 1598 1376 Wol-

244 1402 315 1438 fius
341 1408 486 1436 rectum
508 1390 724 1446 'verumque
757 1397 866 1442 vidit,
903 1398 1034 1434 dicens
1066 1399 1281 1447 „possessio
1313 1401 1377 1436 vel
1411 1397 1509 1434 actio
1541 1405 1598 1435 est

244 1461 309 1498 τοῦ
333 1457 498 1496 κτᾶσθαι
527 1457 553 1492 i.
568 1469 601 1492 e.
629 1456 857 1503 occupandi,
883 1459 950 1494 vel
974 1463 1092 1493 status
1116 1464 1151 1493 et
1176 1456 1353 1494 condicio
1378 1456 1443 1492 τοῦ
1466 1456 1599 1504 κεκτῆ-

246 1523 351 1562 σθαι,
371 1515 565 1553 habendi:
591 1515 623 1551 si
649 1515 766 1562 ptius,
795 1527 816 1550 a
841 1515 960 1552 velbo
986 1516 1150 1564 posside,
1179 1516 1212 1552 si
1239 1515 1441 1563 posterius,
1469 1527 1598 1563 apos·
1645 1519 1653 1523 “

245 1579 359 1614 siden.
409 1578 533 1610 Locus
566 1580 710 1619 autem,
747 1585 864 1622 quem
902 1575 1047 1621 proelio
1085 1574 1272 1610 delectum
1311 1572 1595 1623 occupatimus,

244 1636 424 1684 hostique
449 1632 670 1679 eripuimus,
698 1638 827 1667 noster
859 1632 1031 1676 habetur,
1068 1639 1198 1680 utpote
1230 1632 1273 1668 in
1305 1639 1490 1680 potestate
1521 1646 1598 1670 no-

244 1702 332 1732 stra.
381 1695 466 1727 Jam
491 1691 538 1725 de
563 1702 663 1739 agro,
691 1690 739 1725 de
767 1692 853 1726 loco
887 1690 1031 1738 proelii
1059 1690 1306 1739 intelligenda
1337 1698 1428 1728 sunt
1451 1690 1594 1742 verba,
1619 1698 1621 1701 '

246 1751 457 1800 siquidem.
485 1750 607 1786 Cursu
631 1748 825 1784 maritimo
849 1749 1029 1785 Romanis
1059 1749 1175 1785 facile
1196 1749 1284 1784 fore
1311 1761 1498 1798 occupare
1521 1753 1595 1787 ho·—

243 1811 369 1847 stilem
395 1820 539 1857 agrum,
563 1818 683 1855 aequa
707 1809 790 1842 loca
815 1807 862 1842 ad
889 1807 1085 1856 Visurgim
1110 1819 1174 1843 seu
1201 1807 1329 1843 media
1361 1808 1403 1844 in
1437 1810 1597 1863 Genua-

245 1869 323 1912 nia,
360 1867 453 1913 ipsis
487 1865 618 1901 insciis
645 1866 854 1901 Germanis.
879 1887 926 1892 -
975 1866 1015 1901 Si
1051 1865 1145 1914 quid
1187 1867 1326 1902 dmum
1357 1867 1509 1912 residet,
1551 1867 1596 1903 in

242 1925 429 1962 brevitate
454 1930 520 1966 est,
548 1923 613 1958 sed
642 1930 774 1969 aptum
800 1924 855 1959 rei
880 1931 916 1959 et
940 1927 1041 1970 stylo
1071 1924 1186 1970 hujus
1211 1924 1444 1972 scriptoris.“
1481 1928 1595 1962 Recte

242 1997 282 2022 se
307 1983 446 2018 habere
471 1982 570 2016 hanc
595 1981 942 2027 interpretationem
969 1989 1070 2029 patet
1095 1983 1205 2018 etiam
1231 1996 1280 2019 ex
1313 1983 1362 2020 iis
1394 1995 1513 2033 quae¹
1523 1997 1597 2032 op-

243 2042 367 2091 posita
399 2046 486 2076 sunt
522 2039 618 2075 inter
653 2051 693 2074 se
722 2039 851 2085 fiendi
873 2061 914 2067 —
946 2041 1154 2086 paludibus
1191 2048 1227 2077 et
1260 2048 1469 2088 promptam
1502 2044 1595 2091 ipsis

243 2109 525 2152 possessmnem,
552 2103 633 2131 tum
659 2098 763 2133 brevi
788 2106 928 2133 aestate
960 2106 993 2133 ct
1023 2107 1264 2145 praematura
1296 2101 1410 2136 hieme
1441 2107 1478 2137 et
1510 2102 1592 2138 bel—

244 2161 319 2195 lum
342 2158 521 2191 maturius
545 2158 661 2202 incipi
687 2163 755 2191 cet.
806 2157 861 2193 Cf.
891 2157 1058 2203 potiri.

337 2215 597 2252 POSSIDERE
623 2225 660 2250 v.
679 2213 720 2249 in
746 2216 921 2262 praeped.
986 2248 993 2259 x
1098 2236 1115 2250 ρ

335 2273 606 2318 POSTQUAM
633 2280 669 2308 et
694 2285 715 2308 a
741 2274 876 2309 Tacito
903 2279 940 2308 et
966 2273 1013 2308 ab
1040 2274 1124 2309 aliis
1149 2273 1398 2320 scriptoribus
1422 2286 1502 2309 non
1527 2287 1591 2311 so-

222 2329 322 2368 ‘lum
348 2343 435 2367 cum
461 2331 638 2377 perfecto,
662 2331 765 2378 quod
793 2332 948 2380 quidam
981 2344 1103 2367 unum
1134 2339 1279 2367 rectum
1309 2343 1390 2367 esse
1425 2332 1591 2379 opinan-

239 2398 315 2435 tur,
342 2390 408 2427 sed
435 2389 548 2424 etiam
586 2401 675 2424 cum
708 2397 915 2436 praesente,
949 2391 1171 2437 imperfecto
1204 2397 1240 2426 et
1266 2392 1399 2438 ›plusq.
1429 2391 1591 2436 conjun-
1616 2413 1618 2415 ·

242 2441 363 2498 gitur:
388 2448 492 2484 Ann.
510 2447 566 2491 14,
588 2445 635 2484 44
657 2455 859 2495 postquam
883 2468 930 2475 -
956 2449 1155 2492 habemus;
1188 2460 1247 2495 cp.
1270 2448 1316 2485 60
1336 2461 1375 2494 p.
1394 2469 1440 2474 —
1465 2447 1589 2495 uidet,-

242 2514 299 2554 15,
314 2505 360 2546 45
381 2520 423 2554 p.
436 2519 510 2541 non
535 2505 829 2548 concedebatm·‚·
853 2507 948 2544 Hist.
963 2513 998 2552 2,
1019 2513 1062 2549 19
1083 2522 1123 2554 p.
1139 2519 1219 2543 nox
1244 2507 1465 2553 adpetebaz‚·
1479 2501 1587 2544 ‘Anni

242 2570 276 2611 2,
290 2567 336 2603 65
360 2576 401 2613 p.
417 2566 536 2599 dolum
563 2568 819 2611 melleam-an
843 2567 944 2604 Hist.
965 2571 999 2611 ’2,
1018 2568 1062 2604 68
1089 2581 1125 2613 ρ.
1148 2586 1193 2593 -
1219 2565 1454 2612 prociderat;
1487 2571 1522 2612 3,
1539 2564 1586 2606 47

240 2637 340 2672 p.-—
367 2631 541 2660 verterat.
593 2625 923 2674 Cf.postquam
948 2626 1085 2662 videt
1110 2632 1147 2663 et
1170 2624 1340 2662 vident
1362 2625 1446 2662 Liv.
1463 2623 1586 2670 4r·10;

241 2683 276 2723 6,
293 2689 335 2729 83
367 2681 425 2726 34,
443 2688 503 2727 153
545 2695 578 2718 a.
596 2682 634 2718 b.
660 2684 779 2722 Afric.
795 2690 862 2732 7³3
896 2688 990 2722 Sall.
1017 2688 1093 2724 cat.
1117 2691 1172 2724 21.
1192 2681 1252 2721 40.
1276 2683 1322 2720 60
1357 2683 1463 2726 (vide
1489 2684 1587 2720 Cort.
