1702 2982
1110 94 1130 105 κ

210 227 265 269 86
579 221 772 268 Cesticus
803 249 860 254 —
893 208 1164 267 Circumdare'

313 336 542 379 GESTIGUS
579 348 611 374 ε.
653 335 919 374 GAESTIGUS
959 331 1260 382 ἅπαξλεγόμενόν
1298 333 1404 370 Ann-
1429 333 1494 380 16,
1514 338 1559 372 21

218 396 388 433 Thrasea
410 414 458 422 -
483 393 582 431 ludis
607 395 751 431 cesticis
770 392 967 429 —--71abitu
991 395 1136 441 tragico
1166 394 1365 429 cecinerat.
1387 394 1438 444 V.
1462 394 1562 440 Rup.

214 454 262 489 ad
286 454 326 489 h.
352 455 380 490 1.
417 453 515 489 Sunt
538 451 635 496 ludi,
663 451 706 487 in
728 451 871 500 quibus
908 456 1038 487 caestu
1069 451 1168 490 inter
1200 451 1274 486 alia
1306 450 1564 501 pugnabatur.
1604 481 1611 490 ,

213 515 268 549 lta
289 511 461 559 Ryckius
487 510 657 558 explicat
679 521 829 547 vocem.
863 504 883 517 “

308 570 539 607 CETERUM
564 574 712 615 praeter
734 569 840 617 vulg.
867 567 979 621 sign„
1009 579 1086 618 qua
1109 567 1263 605 denotat
1296 567 1425 617 quod
1454 565 1566 604 reli-

212 640 365 681 ·quum
388 634 457 664 est
485 629 524 674 1)
548 626 654 664 Livii
679 624 874 678 Curtiique
899 625 1069 662 maxime
1100 637 1207 662 more
1236 626 1356 662 servit
1386 625 1566 663 transi-

213 686 455 731 tionibus,
490 691 533 721 ut
555 685 660 721 Ann.
677 690 709 728 1,
724 687 748 722 3
781 687 946 719 Ceterum
970 688 1167 732 August-us
1190 683 1362 720 subsidia
1386 683 1567 721 domina-

215 747 306 792 tioni
329 765 377 773 —-
401 745 559 785 extulin
583 738 683 778 Hi'st.
703 738 774 790 ¹›.4
800 746 961 778 Ceterum
994 749 1200 790 antequam
1236 742 1428 779 destinata
1462 754 1567 779 com-

212 815 356 851 ponam
389 810 457 840 cet.
515 801 571 838 ef.
604 801 692 837 Liv.
710 805 778 846 38,
802 805 849 839 55
882 799 952 836 ubi
983 800 1119 838 eodem
1150 799 1268 837 modo
1302 812 1381 850 quo
1413 798 1568 852 igitur

216 861 394 910 usurpari
425 862 532 905 solet,
566 858 725 895 resumit
756 858 967 895 orationem
1000 857 1204 905 interjectis
1233 859 1320 897 aliis
1350 858 1571 908 interpella-7

215 924 306 956 tam.
341 923 378 963 2)
405 919 508 958 idem
536 920 638 956 valet
663 916 767 967 quod
792 915 873 954 sed
905 915 1090 954 adversat.
1113 916 1311 964 particula,
1338 917 1459 966 (apud
1481 916 1567 955 Liv.

216 977 402 1026 quoque),
430 977 528 1013 nist.
543 982 577 1022 3,
594 976 641 1014 66
670 975 813 1022 Quodsi
837 982 918 1011 tam
932 973 1058 1023 facile
1081 987 1238 1013 suorum
1261 982 1402 1012 mentes
1427 976 1571 1024 fleaeis-

217 1043 270 1071 set
295 1037 479 1080 Vitellius,
507 1047 623 1083 quam
647 1036 725 1081 ipse
750 1040 925 1078 cesserat,
957 1035 1198 1069 incruentam
1221 1033 1412 1070 urbem—
1428 1035 1571 1071 intras-

194 1082 282 1130 set.
333 1098 500 1131 Ceterum
524 1113 571 1122 -
594 1105 730 1142 pacem
766 1099 800 1129 et
833 1092 1064 1128 conditiones
1098 1091 1330 1128 abnuebant.
1378 1091 1425 1139 3)
1450 1105 1498 1125 =
1520 1104 1570 1129 re

149 1150 154 1151 ⁷
217 1164 332 1190 vera
357 1159 535 1198 autem,
561 1151 630 1201 qui
658 1150 866 1201 peculiaris
890 1149 1014 1186 Taciti
1037 1161 1130 1186 usus
1163 1161 1245 1205 esse
1278 1149 1431 1187 videtur
1467 1151 1570 1187 Ann.

221 1216 254 1256 1,
272 1209 320 1249 44
342 1213 510 1261 veterani
534 1210 642 1247 haud
665 1210 782 1245 multo
801 1215 887 1256 post
920 1210 960 1244 in
992 1210 1168 1244 Raetiam
1205 1210 1415 1254 mittuntur,
1449 1211 1572 1256 specie

219 1268 480 1316 defendendae
519 1269 740 1317 provinciae
778 1267 823 1303 ob
864 1267 1094 1303 imminentis
1133 1269 1291 1311 Suevos,
1338 1273 1495 1303 ceterum
1531 1274 1574 1303 ut

221 1329 471 1364 avellerentur
503 1328 637 1364 castris
645 1340 658 1369 ‚·
692 1329 748 1370 15,
763 1329 809 1364 52
841 1326 937 1361 haec
967 1327 1007 1361 in
1033 1337 1229 1370 commune,
1257 1332 1418 1362 ceterum
1441 1327 1573 1362 timore

222 1388 378 1423 occulto.

315 1444 641 1481 CHILIARCHUS
663 1456 685 1479 e
702 1444 844 1479 Graeco
869 1443 1068 1491 adsumpta
1091 1455 1184 1487 vox,
1211 1453 1310 1491 quae
1334 1447 1461 1479 tamen
1484 1455 1571 1479 raro

222 1502 430 1538 admodum
455 1502 651 1539 invenitur
674 1514 736 1550 ap.
769 1501 924 1537 Latinos
958 1502 1060 1538 Ann.
1078 1502 1134 1546 16,
1151 1506 1194 1540 51
1231 1507 1312 1536 erat
1344 1498 1572 1538 chiliarchus

221 1563 262 1596 in
286 1574 332 1597 ea
357 1561 481 1596 classe
510 1562 685 1599 Volusius
709 1561 904 1596 Proculus.
930 1580 978 1586 --
1024 1561 1078 1594 Ita
1104 1560 1151 1594 de
1175 1557 1434 1594 Macedonum
1461 1558 1574 1595 'mili-

223 1618 326 1656 tibus
359 1620 460 1657 curt.
473 1623 508 1663 5,
522 1623 556 1663 2,
576 1623 611 1663 3,
644 1619 692 1654 de
725 1618 844 1655 Persis
882 1619 1009 1666 Nepos
1045 1619 1138 1654 Con.
1162 1622 1196 1661 3,
1218 1621 1254 1654 2.
1304 1616 1479 1653 ceterum
1511 1628 1574 1665 ap.

207 1669 410 1713 'Romanos
440 1677 566 1713 Taciti
599 1688 694 1714 aevo
735 1676 939 1713 classiariis
976 1675 1243 1712 tantummodo
1284 1673 1383 1712 haeo‘
1416 1674 1574 1712 honoris

223 1735 428 1783 appellatio
453 1733 594 1770 tributa
612 1747 692 1772 esse
717 1735 882 1772 videtur.

319 1794 458 1830 CIERE
482 1806 521 1830 v.
548 1793 663 1830 oire.
1266 1825 1270 1830 .

322 1851 469 1888 CIRCA
493 1866 540 1883 =
564 1852 632 1895 in,
672 1851 800 1900 quod
832 1851 1037 1895 attinet,
1075 1851 1209 1887 aetatis
1241 1857 1437 1900 argenteae
1456 1844 1597 1887 'morer

226 1909 405 1955 Ann.11,
423 1914 467 1946 15
498 1909 654 1957 publica
687 1911 791 1945 circa
824 1908 944 1944 bonas
976 1902 1076 1945 artes
1108 1909 1305 1950 socordia5
1334 1913 1465 1956 cp.29·
1488 1910 1576 1946 Gal-

225 1969 331 2003 listus
350 1968 434 2012 jam
458 1969 553 2002 mihi
578 1970 682 2002 circa
705 1979 834 2002 necem
866 1971 902 2003 C.
930 1968 1099 2005 Caesaris
1132 1973 1339 2011 narratus;
1374 1967 1431 2012 16,
1448 1973 1469 2005 8
1494 1980 1576 2007 mox

226 2029 411 2062 Neronem
435 2026 542 2061 circa
566 2037 719 2060 summa
750 2026 896 2060 scelera
927 2025 1124 2060 distentum
1157 2023 1267 2071 quasi
1298 2028 1453 2074 minores
1485 2038 1578 2063 eva-

227 2097 306 2119 sere
315 2098 328 2126 ;
352 2084 450 2120 Hist.
469 2090 502 2129 1,
519 2089 562 2121 13
589 2086 694 2119 circa
719 2084 917 2118 consilium
953 2082 1115 2129 eligendi
1148 2085 1371 2119 successoris
1405 2086 1445 2120 in
1476 2085 1576 2122 duas

216 2143 409 2190 sactiones
448 2142 719 2178 scindebantur
726 2154 741 2183 ,·
780 2142 906 2177 Germ.
927 2145 973 2179 28
1015 2142 1143 2177 Nervii
1186 2143 1291 2177 circa
1322 2141 1574 2184 adfectionem

232 2203 481 2240 Germanicae
513 2202 666 2248 originis
706 2201 803 2235 ultro
845 2199 1034 2235 ambitiosi
1071 2205 1180 2240 sunt5
1219 2200 1359 2238 Dial.3
1385 2217 1435 2227 ——
1467 2212 1576 2237 omne

227 2269 373 2307 tempus
397 2259 501 2295 modo
527 2261 633 2294 circa
656 2257 844 2302 Medeam,
879 2269 972 2303 ecce·
991 2268 1096 2293 nunc
1127 2259 1231 2293 circa
1266 2259 1449 2306 Thyesten
1482 2270 1575 2296 con-

230 2330 374 2355 sumas.
1072 2355 1076 2357 ,
1455 2322 1459 2325 “

325 2375 640 2416 GIRGUMDARE
665 2375 809 2419 transl„
833 2380 877 2409 ut
896 2372 972 2410 Cio.
998 2373 1052 2409 ait
1077 2372 1230 2421 „egredi
1254 2375 1454 2420 cancellos,
1480 2386 1574 2423 quos

230 2436 318 2471 mihi
341 2437 418 2481 ipse
452 2424 705 2469 circumdedi“
737 2431 894 2479 Quintil.
932 2434 1228 2476 „auctoritatem
1262 2432 1377 2467 alicui
1410 2434 1577 2469 circum-

232 2494 373 2538 dare,“
405 2499 459 2536 et,
491 2502 606 2540 quem
641 2492 770 2526 locum
802 2489 1050 2537 praetermisit
1081 2489 1303 2534 Forcellin.,
1338 2489 1424 2526 Liv.
1445 2485 1574 2536 21,'43

232 2553 382 2598 „nescio
408 2563 461 2586 an
487 2550 638 2594 majora
662 2550 815 2585 vincula
839 2548 1075 2594 majoresque
1093 2550 1331 2584 necessitates
1344 2547 1450 2584 vobis
1464 2561 1575 2596 quam

232 2611 392 2658 captivis
414 2611 547 2645 vestris
567 2607 734 2654 fortuna
767 2605 1095 2643 circumdederit.“
1142 2607 1245 2642 Ann.
1260 2604 1316 2650 14,
1332 2610 1377 2644 15
1400 2619 1470 2643 nec
1493 2607 1575 2643 ulla

233 2667 393 2705 moribus
419 2668 502 2703 olim
526 2668 711 2712 corruptis
734 2667 821 2712 plus
851 2664 1051 2701 libidinum
1083 2665 1324 2702 circumdedit
1355 2677 1472 2714 quam
1504 2667 1574 2703 illa

234 2728 442 2766 conluviem
467 2737 527 2772 cp.
543 2728 587 2762 5³
604 2731 654 2759 -tu
676 2727 842 2772 gratiam
869 2725 1087 2769 immensam,
1121 2725 1348 2759 innumeram
1379 2725 1575 2772 pecuniam
