1702 2982
435 93 453 100 .-

487 171 756 223 Nominatim
787 179 845 211 *-
877 174 1071 226 Noscere
1367 191 1460 257 3321·
1483 221 1484 225 ,

185 287 483 326 NOMINATIM
513 289 613 326 Hist.
633 297 667 335 1,
685 289 732 330 43
765 294 980 329 nominatim
1010 295 1052 331 in
1089 296 1239 334 caedem
1271 299 1352 345 ejus
1382 314 1452 339 ar-
1482 304 1489 310 ‘

89 341 231 390 dentes,
257 346 360 383 Ann.
377 352 412 392 3,
431 352 479 389 59
516 351 731 386 nominatim
763 363 931 400 arguens
963 354 1202 405 insolentiam
1232 364 1450 411 sententiae.

87 401 143 438 Ita
169 402 424 454 Cio-‘saepius
450 414 487 444 et
511 410 653 457 Nepos.
694 430 697 434 ·
1406 440 1407 443 =

33 449 37 451 ’
124 456 135 469 ‘
179 462 463 502 ΝΟΜΙΝΑΤΙΟ
489 467 606 503 etiain
629 480 691 516 ap.
718 468 863 516 priores
887 481 973 506 rara
996 482 1079 509 vox
1115 475 1222 510 Ann.
1239 475 1273 520 6,
1292 474 1341 515 45
1372 479 1448 518 ad-

84 518 256 568 ditusque
279 526 532 562 nominatione
557 528 749 563 consulum
774 533 816 563 P.
831 533 1039 566 Petronius.
1478 586 1481 588 -

106 608 121 622 f
176 581 279 617 NON
303 582 408 619 haud
433 597 517 620 raro
543 596 632 621 cum
657 585 698 623 vi
723 587 891 635 quadam
919 589 1090 636 primum
1109 600 1272 640 occupat
1290 595 1445 643 locum3

79 635 160 674 vid.
185 641 363 678 eolloc.
390 642 505 679 verb
516 642 554 681 b.
581 657 658 680 non
682 646 788 681 modo
812 665 862 674 —-
884 648 963 694 sed,
998 649 1140 686 omisso
1166 654 1293 698 etiam,
1320 661 1363 692 ut
1378 667 1442 705 ap,
1494 656 1496 659 ⁴

81 695 244 735 Graecos
278 698 321 735 ου’
352 703 469 747 μόνον
493 701 589 738 ἄλλοί
610 703 715 739 Anu.
738 710 769 748 1,
788 707 831 745 ’Π
858 719 935 742 ηοη
960 707 1065 743 modo
1092 721 1111 744 e
1129 710 1252 757 plebe,
1282 714 1352 750 sed
1375 718 1444 751 mi-

79 754 228 798 litibus;
252 758 352 794 Hist.
371 764 404 802 2,
425 765 469 802 19
500 754 576 797 non
602 773 708 797 arma
741 763 859 805 modo,
885 765 955 801 sed
983 765 1217 815 obsequium
1249 766 1376 809 Germ.
1398 781 1443 813 10

24 820 37 847 t*
77 825 155 849 non
179 817 336 852 solum
360 819 468 865 apud
485 820 638 867 plebem,
656 822 724 858 sed
745 823 852 870 apud
863 836 1038 870 proceres
1047 841 1060 870 ,·
1086 837 1145 874 cp.
1169 833 1213 867 15
1239 843 1315 867 non
1335 835 1442 871 modo

77 882 103 905 a
128 873 300 921 singulis,
332 877 405 912 sed
435 877 599 924 publice.
644 866 716 928 {cst
759 874 821 928 ap.
855 882 1010 920 Livium
1042 898 1118 920 non
1153 889 1261 941 modo
1295 910 1345 918 -—-
1375 894 1444 930 sed

78 933 112 975 1,
131 928 191 968 40.
217 930 287 978 49;
313 939 348 981 2,
371 940 416 973 52
443 935 522 982 bis3
548 944 583 982 3,
599 939 666 984 613
693 940 727 986 6,
756 938 812 977 14.
842 944 906 985 173
932 935 974 988 9,’
995 946 1060 987 37;
1095 948 1155 988 28,
1182 948 1242 984 26.
1277 946 1345 995 433
1379 957 1439 997 29,

76 988 136 1025 26.
161 994 230 1035 283
256 995 315 1036 37,
342 999 410 1038 253
437 1000 495 1041 38,
522 1002 589 1041 513
624 1010 701 1035 non
725 1000 842 1053 solunt
865 1020 911 1025 —-
939 1001 1007 1037 sed
1031 1007 1090 1046 21,
1114 1007 1183 1045 59,·
1206 1011 1266 1051 28,
1291 1014 1350 1050 19.
1371 1009 1442 1056 42,-

74 1051 138 1090 32,
162 1053 227 1095 295
251 1055 310 1097 37,
337 1057 404 1097 533
431 1066 507 1090 non
530 1062 676 1091 tantum
700 1077 748 1084 —
771 1055 838 1093 sed
862 1064 918 1103 28,
950 1066 1016 1105 193
1043 1066 1102 1106 39,
1130 1066 1198 1109 373
1223 1063 1284 1112 41,
1312 1072 1347 1106 5.
1373 1069 1438 1117 143

73 1115 134 1151 ap.
161 1108 239 1143 Cic.
265 1122 342 1146 non
364 1113 470 1154 modo
495 1134 542 1141 -
566 1117 635 1152 sed
658 1116 740 1153 sive
771 1130 898 1153 verum
929 1118 1076 1156 invent.
1096 1127 1127 1166 1,
1146 1128 1189 1161 15
1199 1133 1212 1169 3
1246 1125 1294 1160 de
1319 1139 1373 1164 or.
1401 1136 1435 1175 1,

74 1163 139 1208 603
172 1165 215 1200 in
248 1169 291 1214 Q.
327 1170 521 1218 Caeci1.9;
555 1176 665 1215 Verr.
688 1181 812 1221 2,19;
847 1178 982 1212 Manil.
1002 1185 1068 1224 183
1103 1193 1173 1229 pro
1209 1182 1250 1219 C.
1285 1185 1436 1227 Cornel.

72 1223 118 1258 fr.
138 1223 197 1259 ed.
223 1216 310 1275 Bip.
336 1241 374 1277 p.
388 1228 479 1276 4683
507 1234 597 1268 Sall.
626 1235 704 1272 Cat.
722 1239 811 1281 18)3
838 1235 953 1271 etiarn
990 1238 1132 1275 omisso
1164 1241 1234 1277 sed
1266 1245 1370 1282 Ann.
1397 1254 1436 1294 3,

23 1292 35 1305 ⁴
71 1286 122 1324 19
142 1295 218 1321 non
242 1287 347 1324 modo
373 1290 481 1337 apud
507 1292 594 1327 illos
617 1294 793 1340 homines,
819 1315 867 1321 —
891 1297 1002 1330 etiam
1027 1300 1164 1334 secutis
1185 1304 1434 1352 temporibus,-

67 1337 104 1386 4,
118 1346 165 1383 35
191 1356 351 1391 quorum
376 1362 454 1385 non
479 1351 592 1387 modo
625 1352 791 1397 libertas,
826 1355 940 1390 etiam
975 1355 1095 1392 libido
1120 1360 1311 1406 impunita
1345 1365 1436 1408 (ex-

67 1403 194 1448 empla
220 1405 393 1451 priorum
419 1420 500 1444 non
525 1410 702 1457 desunt).;
730 1424 806 1446 non
831 1409 953 1448 solum
978 1434 1024 1442 —
1051 1429 1197 1465 quoque
1221 1419 1322 1457 Hist.
1337 1427 1371 1467 2,
1382 1427 1430 1464 27

68 1470 140 1494 nec
163 1463 286 1498 solum
312 1467 418 1512 apud
445 1471 647 1505 Caecinam
673 1490 720 1496 —-
745 1470 857 1506 Fabii
884 1485 1027 1521 quoque
1054 1478 1224 1513 Valentis
1258 1488 1325 1516 cet.
1360 1471 1430 1530 (cf.

0 1560 5 1568 „
67 1519 263 1558 Drakenb.
289 1523 338 1558 ad
370 1524 454 1561 Liv.
480 1531 539 1570 22,
560 1532 619 1570 25,
645 1531 686 1572 73
713 1529 772 1574 36,
799 1534 859 1575 35,
885 1531 961 1576 13).
1011 1535 1154 1572 Durior
1191 1537 1339 1586 ellipsis
1376 1539 1434 1581 est

67 1589 144 1613 non
169 1600 216 1606 -
241 1582 310 1618 sed
334 1584 400 1631 (cf.
418 1585 615 1622 Drakenb.
634 1587 693 1622 ad.
719 1587 801 1624 Liv.
828 1589 990 1636 10„6,4;
1017 1597 1078 1640 28,
1092 1595 1211 1640 26,’7;
1237 1589 1297 1643 38,
1316 1604 1373 1646 22,
1387 1601 1431 1647 9)

36 1652 40 1657 ·
67 1642 105 1671 et
129 1637 355 1686 simpliciter
378 1644 446 1678 sed
471 1644 639 1690 positum
665 1658 734 1692 pro
759 1660 834 1682 non
860 1653 981 1685 sol-am
1006 1672 1054 1678 —
1078 1655 1146 1690 sed
1162 1658 1276 1692 etiam
1304 1659 1430 1697 Germ.

66 1693 112 1733 41
142 1701 497 1737 Hermundurorum
525 1705 672 1751 civitas,
693 1707 784 1752 fida
816 1711 1023 1746 Romanis.-
1059 1725 1172 1761 eoque
1209 1717 1298 1752 solis
1335 1722 1430 1756 Ger-

63 1767 268 1794 manorum
305 1773 382 1797 non
413 1765 455 1800 in
492 1766 580 1811 ripa
621 1767 909 1811 commercium,
947 1770 1015 1805 sed
1049 1775 1200 1818 penitus
1236 1773 1351 1825 atque
1386 1780 1429 1815 in

66 1817 377 1862 splendidissima
426 1825 609 1859 Rhaetlae
653 1826 878 1871 provinciae
911 1831 1099 1875 ,colonum
1154 1834 1261 1870 Ann.
1287 1841 1352 1881 15,
1381 1843 1427 1876 58

0 1921 3 1924 .
65 1874 130 1910 ubi
156 1877 318 1914 dicenda
370 1902 378 1908 -
403 1883 458 1927 qd
496 1896 656 1919 causam
693 1887 907 1921 introissent
948 1888 1044 1931 (nou
1068 1892 1203 1938 modo)
1242 1886 1427 1933 laetatum

64 1946 157 1983 erga
183 1892 410 1984 consurgas,
436 1942 505 1977 sed
531 1943 681 1990 (etiam)
700 1943 893 1990 fortuitus
918 1958 1040 1983 sermo
1074 1956 1109 1985 et
1139 1952 1255 1988 subiti
1290 1967 1427 1992 occur-

62 2005 128 2028 sus
153 2013 199 2021 —
222 2008 294 2044 pro
321 2001 478 2037 crimine
512 2004 650 2048 accipi.
707 2002 809 2039 Vide
842 2004 957 2040 etiam
992 2007 1092 2045 Cort.
1131 2011 1178 2045 ad
1212 2013 1302 2049 Sall.
1341 2017 1426 2066 Jug·

1 2042 12 2051 ⁸
62 2057 121 2097 10,
147 2050 189 2099 4;
221 2059 279 2100 21,
307 2049 350 2102 2;
373 2063 432 2103 33,
458 2056 503 2105 43
546 2061 655 2097 Catil.
680 2067 735 2107 18,
759 2065 802 2104 7,-
834 2070 872 2099 et
902 2076 1000 2113 quos
1029 2068 1203 2106 laudavit
1235 2073 1343 2109 Hess.
1377 2077 1426 2110 ad

3 2130 8 2143 1
63 2112 189 2152 Germ.
206 2118 262 2151 15.

156 2174 374 2211 NOSCERE
399 2177 530 2224 Agric.
552 2184 574 2217 5
608 2192 761 2216 noscere
795 2183 1048 2228 provinciam,
1088 2191 1194 2223 nosci
1226 2193 1423 2237 exercitui,-

0 2272 3 2283 ‚
64 2231 248 2270 Germ-30
282 2235 417 2270 audire
447 2241 693 2285 praepositoe,
730 2253 839 2275 nosse
873 2243 1042 2288 ordines;
1079 2247 1234 2294 saepius
1265 2249 1423 2287 fortasse

61 2301 180 2342 quam
213 2303 272 2339 ap.
311 2293 455 2340 priores
487 2295 589 2332 idem
624 2305 680 2334 est
713 2300 817 2347 quod
849 2311 1155 2349 cognoscere
1191 2309 1296 2343 Ann.
1318 2314 1352 2353 1,
1376 2313 1422 2350 73

61 2349 263 2395 ut-quibus
287 2353 405 2388 initiis
429 2373 475 2380 —
498 2359 770 2402 gravissimum
795 2361 948 2396 exitium
981 2363 1180 2410 inrepserit
1204 2386 1253 2392 —-
1279 2380 1422 2403 nosca-

63 2410 144 2450 tur,·
170 2399 240 2452 6,'9
265 2413 401 2458 Spauri
427 2424 600 2460 causam,
630 2424 671 2452 ut
696 2419 776 2465 ipse
801 2431 890 2455 cum
917 2429 1054 2456 senatu
1087 2433 1267 2475 nosceret,
1296 2427 1421 2462 distu-

64 2463 130 2512 lit}
154 2469 210 2508 12,
224 2466 271 2505 24
303 2471 404 2516 quod
433 2476 667 2519 pomoerium
703 2479 887 2513 Romulus
915 2482 1084 2525 posuerit
1127 2495 1281 2520 noscere
1311 2486 1421 2522 haud

62 2520 274 2560 absurdum
297 2541 377 2564 reor
384 2547 397 2573 ,-
422 2537 461 2566 et
485 2543 748 2580 agnoscere
772 2535 872 2572 Hist.
896 2544 927 2582 1,
950 2544 998 2581 90
1031 2543 1071 2576 in
1109 2541 1224 2577 rebus
1260 2543 1420 2580 urbanis

66 2582 208 2618 Galerii
236 2588 416 2624 Trachali
440 2591 589 2638 ingenio
619 2593 801 2629 Othonem
825 2597 884 2631 uti
908 2598 1144 2636 credebatur.
1171 2607 1340 2638 ete-rant
1354 2605 1420 2650 qui

23 2656 26 2663 =
60 2652 181 2687 genus
206 2637 332 2689 ipsum
362 2649 498 2684 orandi
523 2659 728 2688 noscerent.
778 2647 876 2690 Inde
903 2659 1003 2693 notio
1037 2659 1193 2706 ponitur
1225 2672 1295 2707 pro
1328 2672 1420 2708 coo-

61 2699 154 2754 nitio
187 2700 292 2737 Aun-
306 2708 341 2747 3,
355 2710 402 2746 59
434 2707 559 2744 dilata
589 2711 738 2747 notione
761 2710 809 2748 de
838 2712 923 2764 jure
943 2715 1126 2760 flaminis
1135 2731 1150 2760 ,-
1187 2719 1222 2764 6,
1246 2723 1292 2757 12
1307 2713 1309 2718 ’
1327 2725 1423 2756 tune

107 2775 231 2808 Lexic.
247 2778 437 2812 Taciteum.
1064 2790 1103 2823 X
