1702 2982
466 183 504 240 F
505 193 730 240 avorabilis
740 224 743 231 ‹
762 212 820 233 -—·-
843 187 1119 244 ferentarius
1294 199 1297 207 ’
1399 206 1481 251 195

121 305 300 343 manibus
322 308 457 345 nesciis
471 306 703 355 fatiscerent
710 322 725 351 ,·
754 309 901 358 Hist.3,
918 317 965 350 10
995 311 1115 348 donec
1135 312 1343 360 fatisceret
1377 318 1481 354 sedt-

122 367 185 402 tt‘o.
231 367 352 403 Nemo
377 366 526 414 saepius
552 379 644 405 usus
668 374 744 404 est
750 369 824 404 hac
848 381 956 416 voce,
983 369 1099 408 obvia
1134 373 1253 408 etiam
1289 386 1352 422 ap.
1387 377 1509 414 Vir.

119 423 256 471 gilium
280 424 454 478 aliosque
487 432 618 473 poetas
650 432 687 462 et
720 434 863 475 argent.
897 429 1031 466 aetatis
1065 430 1281 479 scriptores,
1315 439 1359 469 ut
1380 434 1480 470 Plin.

120 483 168 518 Η.
175 484 232 519 ’.Ν
247 488 303 527 11,
320 483 379 520 16-
396 489 479 522 105.

214 542 542 578 FAVORABILIS
568 554 708 592 „saepe
747 544 850 592 apud
884 544 1165 593 Quintilianum
1198 546 1372 599 aliosque
1404 551 1477 588 sub

117 597 342 637 Caesaribus
367 592 508 636 dicitur
534 600 637 637 idem
662 602 740 638 fere
765 604 833 652 qui
858 607 1052 652 gratiosus
1077 606 1180 653 apud
1202 607 1363 655 priores.
1402 610 1477 645 Sed

114 668 200 694 eam
224 656 267 694 si
257 657 542 706 gnificatiouem
568 660 749 696 vocabuli
778 663 980 711 usurpavit
1004 661 1081 711 jam
1106 666 1290 712 Velleius,
1327 667 1475 715 primus

61 710 63 714 ’
113 715 157 752 1ιί
183 715 300 751 fallor
323 721 358 760 2,
372 715 430 755 34.
445 716 503 755 40.
552 718 758 755 Livianum
792 723 922 757 locum
949 726 1008 768 22,
1022 723 1080 766 26,
1094 720 1119 761 4
1150 723 1219 761 vix
1252 726 1474 763 desendas.“

112 774 170 810 na
192 781 294 811 recte
318 775 448 823 Spald.
482 775 530 811 ad
566 776 723 823 Quintil.
737 776 773 824 4,
792 785 824 823 1,
841 784 899 826 21,
933 779 1026 840 1¹5⁸ss
1042 781 1146 830 quod
1179 784 1338 820 omnino
1373 775 1475 822 hano

113 844 250 870 vocem
276 846 339 881 ap.
367 833 509 882 priores
534 841 620 871 ante
644 836 843 882 Vellejum
869 850 994 887 neque
1018 839 1146 875 activa
1169 852 1296 891 neque
1320 844 1475 891 passiva

111 890 387 938 significatione
425 892 594 929 inveniri
634 894 803 941 apertius
845 896 1054 932 dicendum
1095 901 1190 935 erat.
1239 901 1302 937 Sic
1345 909 1473 938 noster
1497 926 1507 931 ι·

111 949 238 986 active
259 950 362 986 Anu.
376 954 410 994 2,
426 950 474 988 36
486 950 710 996 favorabili
732 955 773 989 in
807 958 971 1003 speciem
1007 955 1175 992 oratione
1207 961 1289 995 vim
1322 962 1487 1007 imperii

110 1009 247 1052 tenuit5
273 1008 368 1053 12‚6
391 1009 487 1044 haec
499 1007 718 1054 favorabili
744 1015 910 1051 oratione
931 1017 1130 1061 praemisit
1138 1031 1152 1060 ;
1185 1018 1285 1055 Dial.
1301 1022 1323 1059 7
1348 1021 1389 1055 in
1413 1021 1471 1056 ci-
1519 1052 1521 1054 .

106 1068 228 1103 vitate
259 1068 416 1103 minime
437 1066 660 1113 favorabili
692 1078 819 1107 natus.
855 1072 1008 1120 passive
1040 1070 1138 1111 Hist.
1150 1080 1185 1119 2,
1200 1079 1247 1118 97
1281 1079 1470 1125 integrum

107 1126 190 1162 illic
212 1137 262 1162 ac
275 1125 538 1173 favorabilem
571 1131 888 1174 proconsulatum
925 1133 1107 1177 Vitellius,
1131 1133 1337 1180 famosum
1369 1137 1470 1172 invi-

107 1196 266 1233 sumque
292 1187 565 1233 Vespasianus·
578 1195 705 1235 egerat
713 1202 726 1230 ,-
750 1189 847 1225 adde
873 1191 968 1228 locis
994 1203 1017 1225 a
1042 1193 1204 1228 F'orcell.
1228 1194 1353 1231 allatis
1378 1196 1467 1232 Sen-

107 1244 218 1280 clem.
235 1249 280 1282 10
305 1245 506 1280 clementia
530 1264 577 1272 —
598 1253 755 1299 gratum
782 1260 830 1283 ac
845 1248 1112 1294 favorabilem
1137 1251 1315 1290 reddidit.

200 1303 400 1338 FERALIS
425 1314 531 1338 more
555 1304 723 1353 Virgilii,
761 1307 893 1343 Ovidii
920 1308 1163 1356 aliorumque
1197 1318 1398 1357 poetarum
1431 1319 1469 1349 et

108 1361 164 1397 ad
194 1369 362 1398 mortuos
391 1365 583 1408 pertinens
617 1371 655 1400 et
682 1364 865 1411 funestus
901 1368 1021 1411 (Ann.
1038 1373 1071 1412 1,
1086 1367 1132 1404 65
1152 1367 1336 1413 funestas
1366 1377 1468 1406 tene-²

105 1418 232 1455 bras
220 1432 247 1455 ι.
273 1432 307 1456 e.
337 1420 450 1469 quasi
477 1421 582 1458 vitae
615 1421 733 1458 finem
759 1425 1050 1470 portendentes)
1084 1426 1189 1461 Ann.
1203 1432 1297 1471 2‚31
1328 1427 1468 1473 ferali-

106 1477 177 1513 bus
197 1491 281 1522 lam
305 1478 377 1525 sibi
401 1480 562 1516 tenebris
570 1495 583 1523 ‚-
608 1483 733 1518 Germ.
748 1480 795 1519 43
821 1485 906 1529 ipsa
928 1482 1147 1528 formicIine
1178 1492 1292 1533 atque
1327 1487 1467 1523 umbra

94 1535 238 1583 feralis
262 1538 448 1573 exercitus
471 1545 652 1576 terrorem
676 1539 845 1586 inferunt
871 1539 941 1576 ubi
965 1541 1044 1578 vid.
1069 1545 1198 1588 Hess.;
1231 1546 1337 1581 Ann.
1349 1544 1406 1590 14
1419 1552 1466 1585 30

104 1596 144 1630 in
178 1595 335 1631 modum
369 1599 577 1633 Furiarum
609 1605 710 1641 veste
736 1598 883 1644 jerali5
923 1605 994 1644 3,1
1021 1601 1193 1647 fera-lem
1227 1616 1368 1640 urnam
1408 1612 1467 1641 te

105 1665 220 1688 nens
205 1678 218 1694 ,
243 1658 278 1700 2,
292 1657 340 1694 75
354 1653 502 1700 fenalis
528 1658 708 1704 reliquias
737 1660 823 1692 sinu
845 1658 974 1704 ser-5re
998 1657 1033 1704 4,
1050 1658 1097 1698 64
1119 1660 1293 1711 feralem
1319 1674 1467 1700 annum

93 1710 296 1758 serebant;
320 1712 417 1748 Hist.
432 1718 466 1757 5,
481 1718 528 1752 25
556 1714 697 1751 bellum
722 1715 854 1762 ferale
885 1718 994 1764 ipsis.
1043 1716 1135 1753 Inde
1168 1718 1347 1756 feralia
1385 1723 1464 1770 (ap.

104 1770 183 1808 Cic.
210 1771 382 1820 quoque)
408 1773 621 1809 secundum
653 1776 866 1811 Varronem
891 1782 929 1810 et
952 1777 1107 1812 Festum
1132 1789 1158 1811 a
1170 1777 1350 1823 ferendis
1373 1791 1467 1828 epu-

102 1829 150 1865 lis
174 1830 235 1865 vel
258 1842 283 1865 a
298 1828 491 1876 feriendis
521 1832 755 1879 pecudibus,
789 1839 970 1869 neutrum
1005 1834 1165 1871 fortasse
1198 1843 1319 1883 recte,
1356 1850 1382 1873 a
1394 1838 1464 1884 se-

102 1887 231 1924 rendis
256 1880 382 1936 potius
406 1892 577 1934 mortuis,
606 1891 807 1936 cineribus,
843 1884 1094 1928 unde‘etiam
1116 1893 1329 1942 ferculum,
1351 1896 1465 1942 fere-

101 1953 216 1982 trum.
272 1947 376 1982 Ann.
398 1952 431 1993 1,
457 1948 502 1985 62
543 1956 747 1985 attrectare
777 1949 928 1997 feralia
971 1949 1152 1986 illicitum
1190 1954 1462 1995 sacerdotibus.

103 2004 160 2042 Cf.
187 2006 274 2040 Sen.
303 2005 416 2042 cons.
442 2007 490 2041 ad
514 2008 699 2043 Marciam
714 2013 759 2046 15
797 2008 967 2043 Tiberius
991 2029 1040 2035 —
1066 2022 1136 2057 pro
1161 2014 1460 2049 rostrislauda-

99 2065 155 2101 vit
167 2063 302 2108 filium
328 2064 469 2111 (Tacit.
490 2064 642 2112 Amnis,
659 2067 722 2113 12)
748 2068 919 2114 stetitque
942 2068 983 2103 in
1009 2076 1209 2116 conspectu
1233 2073 1351 2117 posito
1378 2085 1464 2108 cor-

96 2135 199 2191 pore,
230 2123 420 2168 interjecto
452 2125 716 2162 tantummodo
748 2127 974 2172 velamento,
1010 2127 1111 2175 quod
1144 2128 1338 2176 pontilicis
1373 2143 1465 2167 ocu-

99 2183 156 2219 los
181 2195 206 2218 α
221 2182 366 2228 funere
389 2191 553 2221 arceret.

192 2242 528 2278 FERENTARIUS
553 2244 656 2278 Ann.
672 2248 728 2287 12,
743 2247 790 2281 35
816 2255 855 2279 eo
871 2255 1014 2290 quoque
1037 2246 1213 2292 inrupere
1223 2245 1462 2301 set-eutarius

97 2301 300 2348 gravisque
324 2302 443 2348 miles,
469 2303 524 2337 illi
548 2304 628 2338 telis
654 2303 904 2349 adsultantes,
931 2304 970 2338 1ιί
996 2311 1163 2339 conserto
1190 2306 1336 2353 gradu.
1364 2308 1462 2344 Sunt

100 2369 192 2394 vero
217 2357 426 2396 secundum
460 2362 572 2397 Varr.
605 2372 649 2397 ac
682 2363 834 2397 Festum
869 2363 962 2398 levis
994 2370 1217 2400 armaturae
1246 2367 1401 2413 milites,
1435 2379 1461 2402 α

91 2414 267 2463 serendo,
302 2420 391 2465 quia
421 2431 466 2454 ea
491 2426 640 2457 tantum
666 2433 778 2456 arma
803 2420 1007 2464 habebant,
1045 2434 1143 2468 quae
1155 2421 1354 2470 feruntur,
1383 2438 1460 2460 ηοη

104 2486 201 2520 quae
230 2482 419 2523 tenentur,
463 2481 598 2527 quippe
643 2482 706 2527 qui
733 2479 877 2526 fundis
909 2479 1172 2527 lapidibusque
1205 2483 1267 2517 vel
1299 2495 1394 2517 arcu
1426 2489 1460 2517 et

103 2533 188 2567 telis
215 2535 440 2581 pugnabant
449 2550 463 2578 ,-
496 2537 622 2573 Nonio
649 2544 802 2574 auctore
829 2550 854 2573 a
867 2537 1035 2584 ferendo
1071 2540 1224 2575 auxilio.
1274 2539 1458 2586 Vegetius

103 2590 323 2628 ferentarios
348 2606 425 2629 una
450 2606 538 2630 cum
563 2596 819 2633 funditoribus
846 2596 1022 2632 nominat
1045 2608 1187 2644 eosque
1212 2610 1232 2633 e
1257 2598 1460 2634 velocissi-

103 2648 177 2685 mis
209 2656 248 2685 et
279 2652 597 2690 exercitatissimis
630 2656 747 2690 lectos
788 2667 869 2691 esse
902 2655 1007 2690 dicit.
1064 2655 1220 2703 Legitur
1251 2656 1345 2690 haec
1376 2666 1457 2690 vox

106 2706 220 2743 etiam
243 2720 304 2757 ap.
341 2710 431 2745 San.
457 2712 534 2748 Cat.
550 2713 595 2751 60
627 2721 828 2760 postquam
861 2726 903 2750 eo
935 2721 1109 2759 ventum,
1145 2713 1246 2748 unde
1278 2725 1303 2748 a
1318 2711 1457 2758 feren-

127 2775 133 2783 *
1098 2773 1167 2807 N2
