1702 2982
259 232 348 278 440
678 266 685 275 ι
818 236 1066 299 Speculator
1084 200 1091 206 *

261 346 367 383 Curt.
388 343 431 392 4,
455 350 521 392 15,
527 347 590 386 26
627 349 706 402 sive
753 348 960 386 ludibrium
1006 351 1218 397 oculorum,
1269 355 1348 391 sive
1387 366 1482 393 vera
1520 366 1610 405 spe-

262 406 336 441 cies
348 404 447 451 fuit.

357 494 674 532 SPECULATOR
697 505 719 530 a
743 496 937 543 speculari
960 486 1084 544 (Αιιιι.
1101 503 1133 542 1,
1147 503 1214 544 313
1242 503 1276 544 2,
1290 497 1360 546 40,
1386 495 1485 538 Hist.
1497 507 1531 547 3,
1544 508 1610 549 38,

261 548 298 596 4,
314 555 380 596 50,
405 564 485 606 qon
507 552 652 588 recedit
671 555 810 602 avulg.
837 556 927 600 usu)
953 566 1013 602 ap.
1039 556 1183 602 priores
1209 557 1252 593 in
1274 558 1502 596 universum
1526 567 1613 596 tan-

260 608 344 654 tum
367 610 508 647 milites
536 610 680 647 aliosve
704 611 894 650 homines
909 612 1091 659 designat,
1128 614 1197 663 qui
1222 617 1467 662 speculantur
1491 617 1614 665 (unde

260 670 534 714 speculatoriae
569 681 687 707 naves
724 681 784 717 ap.
825 669 911 708 Liv.
949 670 1128 707 dicuntur
1163 677 1351 719 30,10;
1343 676 1426 718 36,
1435 671 1543 730 422,
1550 678 1635 717 velt

259 728 452 770 translate,
477 732 520 761 ut
545 725 625 762 Cic
652 729 698 763 N.
723 729 771 762 D.
789 733 820 772 1,
837 734 895 775 30,
922 727 992 764 ubi
1018 728 1225 775 physicum
1257 737 1372 767 vocat
1401 734 1615 779 speculato-

259 796 340 819 rem
369 791 659 832 venatoremque
682 793 868 827 naturae5
905 798 965 834 ap.
999 787 1178 823 Tacitum
1208 799 1315 833 vero,
1349 790 1515 845 Sueten„
1548 791 1616 829 Se-

258 852 394 877 necam
419 848 564 877 certum
590 843 758 879 militum
792 845 969 880 ordinem
1003 845 1160 882 denotat
1183 846 1224 882 h.
1250 859 1303 894 v.,
1338 853 1377 884 et
1409 849 1632 895 praetoria--

258 911 347 935 rum
375 900 534 950 quidem
559 901 788 946 cohortium,
825 903 893 951 qui
927 903 1151 951 principum
1182 905 1360 952 satellites
1393 906 1615 956 peculiares,

259 961 369 995 velut
406 959 522 995 saluti
560 971 693 995 eorum
743 960 860 1008 primi
905 961 1190 1009 prospiciebant
1226 963 1342 1007 (vide
1378 963 1615 1013 interpretes,

259 1016 428 1052 maxime
453 1016 555 1064 Lips.
583 1018 630 1052 ad
656 1018 754 1056 Hist.
772 1025 804 1063 1,
819 1017 897 1065 24),
935 1026 972 1055 et
998 1020 1158 1056 nuntios
1192 1020 1451 1072 epistolasque
1483 1035 1618 1062 eorum
1646 1045 1648 1048 v

258 1074 512 1122 perferebant.
570 1077 746 1113 Ceterum
782 1076 1016 1123 reipublicae
1053 1076 1131 1124 jam
1171 1078 1419 1127 temporibus*
1444 1081 1618 1130 singulas

258 1133 431 1182 legiones
455 1136 573 1170 talem
599 1137 884 1182 speculatorum
909 1136 1081 1172 ordinem
1107 1135 1288 1174 habuisse
1314 1144 1441 1186 patere
1464 1140 1618 1179 videttir

260 1203 311 1227 ex
335 1191 485 1229 auct.b.
511 1192 622 1240 Hisp.
649 1204 708 1240 cp.
725 1198 768 1230 13
802 1195 1020 1240 speculator
1053 1194 1100 1230 de
1133 1197 1278 1243 legione
1309 1197 1478 1232 secunda
1502 1203 1640 1237 Pom-v

260 1249 403 1296 pesona
451 1258 589 1297 captus
622 1263 648 1286 a
680 1251 862 1287 militibus
904 1259 938 1287 et
971 1252 1188 1300 interfectus
1219 1261 1285 1289 est.
1315 1274 1364 1282 -
1419 1254 1616 1302 Ejusmodi

230 1307 516 1358 ,speculatores
553 1312 684 1359 quales
721 1309 838 1345 modo
874 1310 1166 1359 descripsimus,
1214 1312 1408 1361 Caligulae
1444 1308 1614 1362 primum

261 1366 500 1422 temporibus
535 1375 881 1404 commemorantur
914 1381 936 1404 a
967 1370 1068 1405 Suet.
1109 1371 1186 1408 Cal.
1199 1368 1247 1408 llll
1282 1371 1511 1420 magnificas
1541 1378 1619 1410 Ro-

260 1437 367 1460 mam
405 1415 552 1462 litteras
589 1428 713 1470 misit,
751 1426 904 1462 monitis
940 1429 1264 1476 speculatoribus
1274 1437 1315 1465 ut
1345 1430 1618 1480 frequente

260 1490 396 1518 senatu
434 1483 650 1520 consulibus
685 1484 904 1520 traderent
891 1509 902 1526 ,
943 1485 1032 1521 dein
1065 1487 1238 1534 saepius:
1277 1483 1410 1525 Claud.
1425 1494 1468 1528 35
1501 1502 1620 1539 neque

262 1544 436 1578 convivia
460 1545 556 1579 inire
581 1554 699 1578 ausus
723 1550 778 1578 est
810 1545 883 1580 nisi
909 1550 950 1579 ut
974 1545 1229 1590 speculatores
1255 1556 1346 1581 cum
1374 1547 1516 1584 lanceis
1543 1549 1619 1584 cir-

261 1600 516 1643 cumstarent,·
549 1600 656 1638 Galb.
674 1607 717 1639 18
754 1602 1038 1645 descendentem
1074 1604 1141 1647 (ex
1168 1604 1299 1640 essedo
1327 1604 1506 1654 Galbam)
1530 1618 1618 1654 spe-

262 1661 411 1708 culator
438 1661 608 1706 impulsu
632 1660 770 1696 turbae
794 1663 935 1696 lancea
949 1672 1069 1708 prope
1092 1663 1327 1708 vulneravit‚·
1352 1665 1492 1700 Seneca
1516 1677 1619 1717 quo-

261 1729 338 1766 que
363 1717 411 1753 ad
437 1729 551 1755 suum
582 1719 739 1766 respicit
771 1730 911 1755 aevum
938 1719 986 1754 de
1011 1720 1067 1755 ira
1083 1727 1115 1764 1,
1132 1721 1188 1764 16,
1207 1726 1250 1758 15
1277 1724 1439 1758 centurio
1465 1717 1618 1774 suppli-

263 1778 319 1810 cio
344 1778 585 1823 praepositus
610 1778 768 1813 condere
797 1779 976 1826 gladium
1007 1780 1280 1826 speculatorem
1309 1779 1426 1824 jubet.
1473 1782 1619 1817 Eodem

259 1833 377 1868 modo
404 1834 560 1870 Tacitus
586 1834 628 1869 in
652 1836 898 1874 historiarum
923 1843 1069 1872 tantum
1106 1836 1224 1881 libris,
1257 1847 1446 1886 nusquam
1477 1838 1520 1874 in
1547 1851 1620 1875 au·-

259 1890 413 1927 nalibus
438 1894 719 1940 speculatorum
743 1895 976 1930 mentionem
1003 1896 1111 1932 facit:
1138 1896 1235 1932 Hist.
1251 1893 1283 1940 '1‚
1298 1894 1345 1935 24-
1361 1897 1505 1942 Coc-celo
1524 1898 1625 1934 'Pro-'

261 1950 344 1984 culo
377 1952 624 1996 speculatori,
665 1964 725 2000 cp.
747 1957 792 1989 25
826 1966 845 1988 e
877 1953 1022 1989 libertis
1058 1957 1303 1990 Onomastum
1326 1956 1464 2002 juturo
1492 1955 1623 2012 sceleri

259 2008 459 2055 praefecit,
486 2023 511 2044 a
536 2023 606 2058 quo
637 2011 823 2046 Barbium
849 2013 1054 2048 Ριοειιῐιιιπ
1079 2015 1319 2047 tesserarium
1344 2013 1619 2059 speculatorum
1664 2056 1665 2061 ¹

261 2073 296 2102 et
327 2069 515 2103 Veturium
542 2070 728 2114 optionem
755 2070 957 2104 eorundem
989 2072 1189 2117 perductos
1213 2078 1280 2106 cet.
1290 2085 1304 2112 ;
1337 2082 1397 2119 cp.
1413 2074 1460 2111 27
1484 2078 1559 2126 tres
1582 2064 1619 2107 et

259 2126 397 2171 viginti
429 2127 682 2173 speculatores
717 2129 946 2172 (Othonem)
974 2130 1252 2164 consalutatum
1277 2131 1546 2176 imperatorem
1569 2148 1618 2157 ·—·
1667 2142 1672 2147 ·

261 2185 419 2229 rapiunt
428 2201 441 2227 ,·
473 2195 534 2232 cp.
549 2190 593 2222 31
622 2185 785 2231 dilapsis
817 2186 1135 2232 speculatoribus}
1170 2193 1286 2236 cp.35
1319 2189 1441 2224 Julius
1470 2189 1620 2236 Atticus

194 2245 197 2249 '
260 2243 498 2288 speculator‚-
519 2253 580 2291 cp.
593 2241 640 2285 123
661 2245 802 2279 Statius
815 2246 974 2280 Murcus
988 2246 1222 2290 speculator,·
1246 2250 1281 2290 2,
1295 2251 1336 2282 11
1356 2245 1618 2291 ipsum‘Otho-

260 2313 342 2337 nem
377 2301 652 2337 comitabantur
682 2302 961 2348 speculatorum
989 2304 1083 2338 lecta
1114 2314 1272 2358 corpora
1305 2314 1406 2342 cum
1437 2303 1616 2340 ceteris
1662 2315 1664 2317 '

262 2359 535 2405 praetoriis
559 2359 873 2405 cohortibus,
906 2365 1027 2407 cp.33
1058 2373 1138 2395 cum
1167 2363 1251 2408 ipso
1285 2361 1473 2408 (Othone)
1504 2373 1618 2409 prae-

260 2418 441 2451 toriarum
466 2418 667 2453 cohortium
692 2425 725 2453 et
750 2420 1023 2465 speculatorum
1057 2421 1288 2467 equitumque
1316 2419 1452 2455 valida
1483 2433 1616 2457 manue

262 2473 452 2518 discessit;
488 2486 547 2523 cp.
563 2479 607 2516 73
639 2478 890 2523 speculatores
923 2490 942 2512 e
971 2478 1085 2526 Syria
1112 2468 1334 2525 Iudaeaque
1369 2468 1544 2515 adactum
1573 2471 1614 2514 in

259 2533 379 2569 verba
411 2547 490 2577 elus
529 2537 709 2571 Oiientem
744 2538 983 2578 nuntiavere;
1016 2541 1051 2580 3,
1066 2533 1112 2574 43
1147 2538 1290 2573 Valens
1329 2549 1409 2571 cum
1442 2535 1616 2589 quattuor

261 2593 561 2640 speculatoribus
585 2601 619 2630 et
643 2594 767 2630 tribus
792 2596 929 2640 amicis,
965 2594 1113 2632 totidem
1146 2595 1443 2632 centurionibus-
1455 2595 1510 2633 ad
1539 2599 1614 2631 'na-

259 2662 327 2686 ves
350 2651 575 2699 regreditur.

356 2739 584 2783 SPINTRJA,
607 2751 646 2778 v.
676 2742 887 2779 sellarii.
