<?xml version="1.0" encoding="UTF-8"?>
<!DOCTYPE html PUBLIC "-//W3C//DTD XHTML 1.0 Transitional//EN"
    "http://www.w3.org/TR/xhtml1/DTD/xhtml1-transitional.dtd">
<html xmlns="http://www.w3.org/1999/xhtml" xml:lang="en" lang="en">
 <head>
  <title>
</title>
<meta http-equiv="Content-Type" content="text/html;charset=utf-8" />
  <meta name='ocr-system' content='tesseract 3.04.00' />
  <meta name='ocr-capabilities' content='ocr_page ocr_carea ocr_par ocr_line ocrx_word'/>
</head>
<body>
  <div class='ocr_page' id='page_1' title='image "./lexicontaciteums00boetuoft/lexicontaciteums00boetuoft_0060.png"; bbox 0 0 1702 2982; ppageno 0'>
   <div class='ocr_carea' id='block_1_1' title="bbox 245 189 1106 252">
    <p class='ocr_par' dir='ltr' id='par_1_1' title="bbox 245 189 1106 252">
     <span class='ocr_line' id='line_1_1' title="bbox 245 189 1106 252; baseline 0.003 -19"><span class='ocrx_word' id='word_1_1' title='bbox 245 200 301 234; x_wconf 83' lang='lat' dir='ltr'><strong>Lx</strong></span> <span class='ocrx_word' id='word_1_2' title='bbox 475 196 479 207; x_wconf 90' lang='grc'><em>“</em></span> <span class='ocrx_word' id='word_1_3' title='bbox 719 189 1106 252; x_wconf 85' lang='lat' dir='ltr'><strong>Prolegomena</strong></span> 
     </span>
    </p>
   </div>
   <div class='ocr_carea' id='block_1_2' title="bbox 199 303 1655 1434">
    <p class='ocr_par' dir='ltr' id='par_1_2' title="bbox 199 303 1655 1434">
     <span class='ocr_line' id='line_1_2' title="bbox 246 303 1589 372; baseline 0.002 -20"><span class='ocrx_word' id='word_1_4' title='bbox 246 308 422 353; x_wconf 78' lang='lat' dir='ltr'><strong>dicenda</strong></span> <span class='ocrx_word' id='word_1_5' title='bbox 452 303 544 354; x_wconf 71' lang='lat' dir='ltr'><strong>esse</strong></span> <span class='ocrx_word' id='word_1_6' title='bbox 574 307 840 364; x_wconf 84' lang='lat' dir='ltr'><strong>videbantur,</strong></span> <span class='ocrx_word' id='word_1_7' title='bbox 871 325 924 355; x_wconf 88' lang='lat' dir='ltr'><strong>ne</strong></span> <span class='ocrx_word' id='word_1_8' title='bbox 954 308 1231 361; x_wconf 85' lang='lat' dir='ltr'><strong>fimdamento</strong></span> <span class='ocrx_word' id='word_1_9' title='bbox 1272 311 1402 372; x_wconf 81' lang='lat' dir='ltr'><strong>quasi.</strong></span> <span class='ocrx_word' id='word_1_10' title='bbox 1431 320 1589 370; x_wconf 81' lang='lat' dir='ltr'><strong>careret</strong></span> 
     </span>
     <span class='ocr_line' id='line_1_3' title="bbox 246 378 1589 439; baseline 0.001 -15"><span class='ocrx_word' id='word_1_11' title='bbox 246 379 306 424; x_wconf 92' lang='lat' dir='ltr'><strong>de</strong></span> <span class='ocrx_word' id='word_1_12' title='bbox 347 378 459 424; x_wconf 90' lang='lat' dir='ltr'><strong>stili</strong></span> <span class='ocrx_word' id='word_1_13' title='bbox 487 379 609 439; x_wconf 61' lang='lat' dir='ltr'><strong>{ejus</strong></span> <span class='ocrx_word' id='word_1_14' title='bbox 646 380 825 425; x_wconf 90' lang='lat' dir='ltr'><strong>indole</strong></span> <span class='ocrx_word' id='word_1_15' title='bbox 853 378 1109 438; x_wconf 57' lang='lat' dir='ltr'><strong>:etforma</strong></span> <span class='ocrx_word' id='word_1_16' title='bbox 1144 381 1484 438; x_wconf 83' lang='lat' dir='ltr'><strong>dissertatio,</strong></span> <span class='ocrx_word' id='word_1_17' title='bbox 1531 381 1589 428; x_wconf 83' lang='lat' dir='ltr'><strong>ad</strong></span> 
     </span>
     <span class='ocr_line' id='line_1_4' title="bbox 245 449 1635 515; baseline 0.001 -20"><span class='ocrx_word' id='word_1_18' title='bbox 245 449 356 496; x_wconf 83' lang='lat' dir='ltr'><strong>hanc&#39;</strong></span> <span class='ocrx_word' id='word_1_19' title='bbox 376 450 514 512; x_wconf 83' lang='lat' dir='ltr'>ipsam</span> <span class='ocrx_word' id='word_1_20' title='bbox 536 450 780 496; x_wconf 88' lang='lat' dir='ltr'><strong>accedentes</strong></span> <span class='ocrx_word' id='word_1_21' title='bbox 800 450 944 514; x_wconf 84' lang='lat' dir='ltr'><strong>paullo</strong></span> <span class='ocrx_word' id='word_1_22' title='bbox 975 451 1102 496; x_wconf 84' lang='lat' dir='ltr'><strong>altius</strong></span> <span class='ocrx_word' id='word_1_23' title='bbox 1131 469 1223 496; x_wconf 90' lang='lat' dir='ltr'><strong>rem</strong></span> <span class='ocrx_word' id='word_1_24' title='bbox 1253 452 1517 515; x_wconf 83' lang='lat' dir='ltr'><strong>expediemus</strong></span> <span class='ocrx_word' id='word_1_25' title='bbox 1529 458 1588 509; x_wconf 59' lang='grc' dir='ltr'><strong>Σ).</strong></span> <span class='ocrx_word' id='word_1_26' title='bbox 1631 485 1635 489; x_wconf 79' lang='lat'><em>,</em></span> 
     </span>
     <span class='ocr_line' id='line_1_5' title="bbox 240 519 1590 585; baseline 0.003 -19"><span class='ocrx_word' id='word_1_27' title='bbox 240 572 243 585; x_wconf 45' lang='grc' dir='ltr'>Ι</span> <span class='ocrx_word' id='word_1_28' title='bbox 359 520 586 585; x_wconf 72' lang='grc' dir='ltr'><strong>18(;ι·ἰΡῐοι’ἰε</strong></span> <span class='ocrx_word' id='word_1_29' title='bbox 626 519 802 582; x_wconf 85' lang='lat' dir='ltr'><strong>alicujus</strong></span> <span class='ocrx_word' id='word_1_30' title='bbox 845 521 989 566; x_wconf 83' lang='lat' dir='ltr'><strong>stilum</strong></span> <span class='ocrx_word' id='word_1_31' title='bbox 1026 539 1120 566; x_wconf 89' lang='lat' dir='ltr'><strong>cum</strong></span> <span class='ocrx_word' id='word_1_32' title='bbox 1158 522 1311 583; x_wconf 88' lang='lat' dir='ltr'><strong>prioris</strong></span> <span class='ocrx_word' id='word_1_33' title='bbox 1343 524 1488 569; x_wconf 85' lang='lat' dir='ltr'><strong>aetatis</strong></span> <span class='ocrx_word' id='word_1_34' title='bbox 1525 523 1590 570; x_wconf 78' lang='lat' dir='ltr'><strong>di‘-</strong></span> 
     </span>
     <span class='ocr_line' id='line_1_6' title="bbox 245 586 1590 656; baseline 0.003 -20"><span class='ocrx_word' id='word_1_35' title='bbox 245 591 366 637; x_wconf 88' lang='lat' dir='ltr'><strong>cendi</strong></span> <span class='ocrx_word' id='word_1_36' title='bbox 386 608 538 652; x_wconf 84' lang='lat' dir='ltr'><strong>genere</strong></span> <span class='ocrx_word' id='word_1_37' title='bbox 557 586 863 653; x_wconf 72' lang='lat' dir='ltr'><strong>comparaturis</strong></span> <span class='ocrx_word' id='word_1_38' title='bbox 884 591 1093 654; x_wconf 73' lang='lat' dir='ltr'><strong>imprimis</strong></span> <span class='ocrx_word' id='word_1_39' title='bbox 1124 592 1351 639; x_wconf 66' lang='lat' dir='ltr'><strong>videndum</strong></span> <span class='ocrx_word' id='word_1_40' title='bbox 1380 604 1455 650; x_wconf 88' lang='lat' dir='ltr'><strong>est,</strong></span> <span class='ocrx_word' id='word_1_41' title='bbox 1487 610 1590 656; x_wconf 87' lang='lat' dir='ltr'><strong>qua·</strong></span> 
     </span>
     <span class='ocr_line' id='line_1_7' title="bbox 246 661 1616 727; baseline 0.002 -20"><span class='ocrx_word' id='word_1_42' title='bbox 246 674 370 707; x_wconf 90' lang='lat' dir='ltr'><strong>tenus</strong></span> <span class='ocrx_word' id='word_1_43' title='bbox 402 661 530 725; x_wconf 88' lang='lat' dir='ltr'><strong>patrii</strong></span> <span class='ocrx_word' id='word_1_44' title='bbox 554 662 767 710; x_wconf 73' lang='lat' dir='ltr'><strong>sermonis</strong></span> <span class='ocrx_word' id='word_1_45' title='bbox 798 662 964 724; x_wconf 88' lang='lat' dir='ltr'><strong>legibus</strong></span> <span class='ocrx_word' id='word_1_46' title='bbox 997 662 1222 708; x_wconf 87' lang='lat' dir='ltr'><strong>obsecutus</strong></span> <span class='ocrx_word' id='word_1_47' title='bbox 1252 663 1418 710; x_wconf 80' lang='lat' dir='ltr'><strong>fuerit.·</strong></span> <span class='ocrx_word' id='word_1_48' title='bbox 1455 665 1616 727; x_wconf 71' lang='lat' dir='ltr'><strong>Cujusv</strong></span> 
     </span>
     <span class='ocr_line' id='line_1_8' title="bbox 243 732 1592 796; baseline 0.005 -20"><span class='ocrx_word' id='word_1_49' title='bbox 243 733 306 778; x_wconf 89' lang='lat' dir='ltr'><strong>rei</strong></span> <span class='ocrx_word' id='word_1_50' title='bbox 336 732 635 795; x_wconf 86' lang='lat' dir='ltr'><strong>disquirendae</strong></span> <span class='ocrx_word' id='word_1_51' title='bbox 665 749 749 777; x_wconf 86' lang='lat' dir='ltr'><strong>una</strong></span> <span class='ocrx_word' id='word_1_52' title='bbox 779 743 915 778; x_wconf 83' lang='lat' dir='ltr'><strong>exstat</strong></span> <span class='ocrx_word' id='word_1_53' title='bbox 945 732 1168 795; x_wconf 84' lang='lat' dir='ltr'><strong>analogiae</strong></span> <span class='ocrx_word' id='word_1_54' title='bbox 1185 751 1327 796; x_wconf 31' lang='lat' dir='ltr'><strong>*quam</strong></span> <span class='ocrx_word' id='word_1_55' title='bbox 1352 735 1494 793; x_wconf 74' lang='lat' dir='ltr'><strong>dicunt</strong></span> <span class='ocrx_word' id='word_1_56' title='bbox 1522 754 1592 783; x_wconf 85' lang='lat' dir='ltr'><strong>ra-</strong></span> 
     </span>
     <span class='ocr_line' id='line_1_9' title="bbox 245 803 1593 866; baseline 0.004 -18"><span class='ocrx_word' id='word_1_57' title='bbox 245 805 327 860; x_wconf 86' lang='lat' dir='ltr'><strong>tio,</strong></span> <span class='ocrx_word' id='word_1_58' title='bbox 366 821 460 848; x_wconf 88' lang='lat' dir='ltr'><strong>cum</strong></span> <span class='ocrx_word' id='word_1_59' title='bbox 499 804 543 848; x_wconf 91' lang='lat' dir='ltr'><strong>in</strong></span> <span class='ocrx_word' id='word_1_60' title='bbox 573 820 624 848; x_wconf 89' lang='lat' dir='ltr'><strong>ea</strong></span> <span class='ocrx_word' id='word_1_61' title='bbox 654 803 792 849; x_wconf 83' lang='lat' dir='ltr'><strong>omnis</strong></span> <span class='ocrx_word' id='word_1_62' title='bbox 826 804 1013 850; x_wconf 89' lang='lat' dir='ltr'><strong>omnium</strong></span> <span class='ocrx_word' id='word_1_63' title='bbox 1042 804 1281 866; x_wconf 83' lang='lat' dir='ltr'><strong>linguarum</strong></span> <span class='ocrx_word' id='word_1_64' title='bbox 1311 805 1467 853; x_wconf 69' lang='lat' dir='ltr'><strong>nitatur</strong></span> <span class='ocrx_word' id='word_1_65' title='bbox 1495 823 1593 854; x_wconf 84' lang='lat' dir='ltr'><strong>con-</strong></span> 
     </span>
     <span class='ocr_line' id='line_1_10' title="bbox 245 874 1594 938; baseline 0.003 -19"><span class='ocrx_word' id='word_1_66' title='bbox 245 874 445 920; x_wconf 85' lang='lat' dir='ltr'><strong>formatio</strong></span> <span class='ocrx_word' id='word_1_67' title='bbox 461 879 521 931; x_wconf 73' lang='lat'><strong>2).</strong></span> <span class='ocrx_word' id='word_1_68' title='bbox 562 874 692 935; x_wconf 85' lang='lat' dir='ltr'><strong>Atqui</strong></span> <span class='ocrx_word' id='word_1_69' title='bbox 712 874 758 919; x_wconf 92' lang='lat' dir='ltr'><strong>in</strong></span> <span class='ocrx_word' id='word_1_70' title='bbox 778 875 973 919; x_wconf 90' lang='lat' dir='ltr'><strong>omnibus</strong></span> <span class='ocrx_word' id='word_1_71' title='bbox 997 891 1104 937; x_wconf 90' lang='lat' dir='ltr'><strong>quae</strong></span> <span class='ocrx_word' id='word_1_72' title='bbox 1118 876 1211 937; x_wconf 88' lang='lat' dir='ltr'><strong>quis</strong></span> <span class='ocrx_word' id='word_1_73' title='bbox 1233 877 1487 938; x_wconf 80' lang='lat' dir='ltr'><strong>cogitatione</strong></span> <span class='ocrx_word' id='word_1_74' title='bbox 1503 893 1594 923; x_wconf 87' lang='lat' dir='ltr'><strong>am-</strong></span> 
     </span>
     <span class='ocr_line' id='line_1_11' title="bbox 245 944 1595 1011; baseline 0.004 -23"><span class='ocrx_word' id='word_1_75' title='bbox 245 944 394 1009; x_wconf 86' lang='lat' dir='ltr'><strong>plexus</strong></span> <span class='ocrx_word' id='word_1_76' title='bbox 413 955 478 989; x_wconf 90' lang='lat' dir='ltr'><strong>cst</strong></span> <span class='ocrx_word' id='word_1_77' title='bbox 495 960 724 1007; x_wconf 86' lang='lat' dir='ltr'><strong>quorumve</strong></span> <span class='ocrx_word' id='word_1_78' title='bbox 747 962 922 990; x_wconf 90' lang='lat' dir='ltr'><strong>sensum</strong></span> <span class='ocrx_word' id='word_1_79' title='bbox 943 946 1127 1009; x_wconf 84' lang='lat' dir='ltr'><strong>aliquem</strong></span> <span class='ocrx_word' id='word_1_80' title='bbox 1147 947 1338 1010; x_wconf 84' lang='lat' dir='ltr'><strong>concepit</strong></span> <span class='ocrx_word' id='word_1_81' title='bbox 1357 948 1595 1011; x_wconf 82' lang='lat' dir='ltr'><strong>exprimen-</strong></span> 
     </span>
     <span class='ocr_line' id='line_1_12' title="bbox 246 1015 1598 1093; baseline 0.004 -34"><span class='ocrx_word' id='word_1_82' title='bbox 246 1016 310 1093; x_wconf 50' lang='lat' dir='ltr'><strong>{Jis</strong></span> <span class='ocrx_word' id='word_1_83' title='bbox 348 1031 505 1076; x_wconf 84' lang='lat' dir='ltr'><strong>magna</strong></span> <span class='ocrx_word' id='word_1_84' title='bbox 542 1015 608 1060; x_wconf 88' lang='lat' dir='ltr'><strong>vis</strong></span> <span class='ocrx_word' id='word_1_85' title='bbox 648 1027 713 1061; x_wconf 88' lang='lat' dir='ltr'><strong>est</strong></span> <span class='ocrx_word' id='word_1_86' title='bbox 751 1018 842 1077; x_wconf 88' lang='lat' dir='ltr'><strong>ejus</strong></span> <span class='ocrx_word' id='word_1_87' title='bbox 883 1033 966 1078; x_wconf 87' lang='lat' dir='ltr'><strong>quo</strong></span> <span class='ocrx_word' id='word_1_88' title='bbox 1005 1028 1130 1062; x_wconf 88' lang='lat' dir='ltr'><strong>natus</strong></span> <span class='ocrx_word' id='word_1_89' title='bbox 1161 1028 1288 1081; x_wconf 86' lang='lat' dir='ltr'><strong>atque</strong></span> <span class='ocrx_word' id='word_1_90' title='bbox 1318 1019 1503 1079; x_wconf 80' lang='lat' dir='ltr'><strong>eruditus</strong></span> <span class='ocrx_word' id='word_1_91' title='bbox 1534 1029 1598 1066; x_wconf 83' lang='lat' dir='ltr'><strong>est</strong></span> 
     </span>
     <span class='ocr_line' id='line_1_13' title="bbox 242 1087 1645 1156; baseline 0.003 -24"><span class='ocrx_word' id='word_1_92' title='bbox 242 1087 463 1149; x_wconf 75' lang='lat' dir='ltr'><strong>temporiS‚</strong></span> <span class='ocrx_word' id='word_1_93' title='bbox 495 1102 630 1148; x_wconf 86' lang='lat' dir='ltr'><strong>eoque</strong></span> <span class='ocrx_word' id='word_1_94' title='bbox 662 1087 784 1148; x_wconf 86' lang='lat' dir='ltr'><strong>quasi</strong></span> <span class='ocrx_word' id='word_1_95' title='bbox 814 1087 980 1134; x_wconf 87' lang='lat' dir='ltr'><strong>vinculo</strong></span> <span class='ocrx_word' id='word_1_96' title='bbox 1011 1088 1168 1144; x_wconf 88' lang='lat' dir='ltr'><strong>oratio,</strong></span> <span class='ocrx_word' id='word_1_97' title='bbox 1211 1090 1476 1151; x_wconf 81' lang='lat' dir='ltr'><strong>quantumvis</strong></span> <span class='ocrx_word' id='word_1_98' title='bbox 1518 1106 1597 1149; x_wconf 82' lang='lat' dir='ltr'><strong>sua</strong></span> <span class='ocrx_word' id='word_1_99' title='bbox 1642 1151 1645 1156; x_wconf 10' lang='grc' dir='ltr'><strong>ἡ</strong></span> 
     </span>
     <span class='ocr_line' id='line_1_14' title="bbox 199 1157 1597 1222; baseline 0.002 -18"><span class='ocrx_word' id='word_1_100' title='bbox 199 1182 208 1189; x_wconf 33' lang='grc' dir='ltr'><em>κ</em></span> <span class='ocrx_word' id='word_1_101' title='bbox 246 1169 288 1205; x_wconf 86' lang='lat' dir='ltr'><strong>et</strong></span> <span class='ocrx_word' id='word_1_102' title='bbox 317 1157 522 1221; x_wconf 84' lang='lat' dir='ltr'><strong>peculiari</strong></span> <span class='ocrx_word' id='word_1_103' title='bbox 559 1157 702 1202; x_wconf 87' lang='lat' dir='ltr'><strong>indole</strong></span> <span class='ocrx_word' id='word_1_104' title='bbox 743 1158 959 1220; x_wconf 83' lang='lat' dir='ltr'><strong>praedita,</strong></span> <span class='ocrx_word' id='word_1_105' title='bbox 998 1159 1162 1204; x_wconf 83' lang='lat' dir='ltr'><strong>adnexa</strong></span> <span class='ocrx_word' id='word_1_106' title='bbox 1197 1171 1239 1206; x_wconf 88' lang='lat' dir='ltr'><strong>et</strong></span> <span class='ocrx_word' id='word_1_107' title='bbox 1277 1157 1502 1222; x_wconf 72' lang='lat' dir='ltr'><strong>conjuncta</strong></span> <span class='ocrx_word' id='word_1_108' title='bbox 1530 1172 1597 1207; x_wconf 88' lang='lat' dir='ltr'><strong>est</strong></span> 
     </span>
     <span class='ocr_line' id='line_1_15' title="bbox 245 1228 1596 1293; baseline 0.003 -20"><span class='ocrx_word' id='word_1_109' title='bbox 245 1230 282 1279; x_wconf 80' lang='lat' dir='ltr'><strong>ci</strong></span> <span class='ocrx_word' id='word_1_110' title='bbox 324 1245 430 1291; x_wconf 88' lang='lat' dir='ltr'><strong>quae</strong></span> <span class='ocrx_word' id='word_1_111' title='bbox 468 1228 604 1291; x_wconf 88' lang='lat' dir='ltr'><strong>priori</strong></span> <span class='ocrx_word' id='word_1_112' title='bbox 641 1244 747 1273; x_wconf 90' lang='lat' dir='ltr'><strong>aevo</strong></span> <span class='ocrx_word' id='word_1_113' title='bbox 785 1228 964 1274; x_wconf 82' lang='lat' dir='ltr'><strong>obtinuit</strong></span> <span class='ocrx_word' id='word_1_114' title='bbox 1004 1229 1169 1276; x_wconf 85' lang='lat' dir='ltr'><strong>dicendi</strong></span> <span class='ocrx_word' id='word_1_115' title='bbox 1197 1231 1383 1277; x_wconf 76' lang='lat' dir='ltr'><strong>rationi.¹</strong></span> <span class='ocrx_word' id='word_1_116' title='bbox 1424 1231 1475 1277; x_wconf 92' lang='lat' dir='ltr'><strong>In</strong></span> <span class='ocrx_word' id='word_1_117' title='bbox 1504 1233 1596 1293; x_wconf 86' lang='lat' dir='ltr'><strong>ejus</strong></span> 
     </span>
     <span class='ocr_line' id='line_1_16' title="bbox 245 1300 1598 1364; baseline 0.003 -20"><span class='ocrx_word' id='word_1_118' title='bbox 245 1300 392 1360; x_wconf 85' lang='lat' dir='ltr'><strong>igitur,</strong></span> <span class='ocrx_word' id='word_1_119' title='bbox 430 1301 547 1360; x_wconf 86' lang='lat' dir='ltr'><strong>cujus</strong></span> <span class='ocrx_word' id='word_1_120' title='bbox 589 1300 767 1361; x_wconf 89' lang='lat' dir='ltr'><strong>quisquc</strong></span> <span class='ocrx_word' id='word_1_121' title='bbox 808 1311 893 1359; x_wconf 84' lang='lat' dir='ltr'><strong>est,</strong></span> <span class='ocrx_word' id='word_1_122' title='bbox 935 1300 1085 1345; x_wconf 85' lang='lat' dir='ltr'><strong>aetatis</strong></span> <span class='ocrx_word' id='word_1_123' title='bbox 1118 1317 1357 1347; x_wconf 90' lang='lat' dir='ltr'><strong>sermonem</strong></span> <span class='ocrx_word' id='word_1_124' title='bbox 1386 1302 1598 1364; x_wconf 83' lang='lat' dir='ltr'><strong>inquirere</strong></span> 
     </span>
     <span class='ocr_line' id='line_1_17' title="bbox 246 1370 1655 1434; baseline 0.004 -20"><span class='ocrx_word' id='word_1_125' title='bbox 246 1370 416 1415; x_wconf 82' lang='lat' dir='ltr'><strong>debebit</strong></span> <span class='ocrx_word' id='word_1_126' title='bbox 445 1370 497 1426; x_wconf 90' lang='lat' dir='ltr'><strong>is,</strong></span> <span class='ocrx_word' id='word_1_127' title='bbox 530 1370 615 1433; x_wconf 88' lang='lat' dir='ltr'><strong>qui,</strong></span> <span class='ocrx_word' id='word_1_128' title='bbox 660 1371 761 1432; x_wconf 86' lang='lat' dir='ltr'><strong>quid</strong></span> <span class='ocrx_word' id='word_1_129' title='bbox 785 1370 898 1434; x_wconf 70' lang='lat' dir='ltr'><strong>huic,</strong></span> <span class='ocrx_word' id='word_1_130' title='bbox 929 1371 1032 1434; x_wconf 89' lang='lat' dir='ltr'><strong>quid</strong></span> <span class='ocrx_word' id='word_1_131' title='bbox 1063 1383 1210 1420; x_wconf 84' lang='lat' dir='ltr'><strong>contra</strong></span> <span class='ocrx_word' id='word_1_132' title='bbox 1235 1373 1309 1419; x_wconf 89' lang='lat' dir='ltr'><strong>uni</strong></span> <span class='ocrx_word' id='word_1_133' title='bbox 1337 1372 1461 1419; x_wconf 88' lang='lat' dir='ltr'><strong>alicui</strong></span> <span class='ocrx_word' id='word_1_134' title='bbox 1495 1373 1598 1419; x_wconf 87' lang='lat' dir='ltr'><strong>scri-</strong></span> <span class='ocrx_word' id='word_1_135' title='bbox 1651 1387 1655 1392; x_wconf 89' lang='grc'><em>“</em></span> 
     </span>
    </p>
   </div>
   <div class='ocr_carea' id='block_1_3' title="bbox 275 1489 1646 2664">
    <p class='ocr_par' dir='ltr' id='par_1_3' title="bbox 275 1489 1646 2664">
     <span class='ocr_line' id='line_1_18' title="bbox 275 1489 1597 1536; baseline 0.006 -13"><span class='ocrx_word' id='word_1_136' title='bbox 275 1490 309 1536; x_wconf 88' lang='lat'><strong>¹)</strong></span> <span class='ocrx_word' id='word_1_137' title='bbox 337 1489 394 1530; x_wconf 79' lang='lat' dir='ltr'><strong>Cf.</strong></span> <span class='ocrx_word' id='word_1_138' title='bbox 420 1489 627 1525; x_wconf 88' lang='lat' dir='ltr'><strong>Lundblad</strong></span> <span class='ocrx_word' id='word_1_139' title='bbox 657 1491 813 1527; x_wconf 83' lang='lat' dir='ltr'><strong>Dissert.</strong></span> <span class='ocrx_word' id='word_1_140' title='bbox 838 1490 886 1527; x_wconf 90' lang='lat' dir='ltr'><strong>de</strong></span> <span class='ocrx_word' id='word_1_141' title='bbox 916 1490 1005 1528; x_wconf 86' lang='lat' dir='ltr'><strong>stilo</strong></span> <span class='ocrx_word' id='word_1_142' title='bbox 1031 1491 1142 1528; x_wconf 86' lang='lat' dir='ltr'><strong>Corn.</strong></span> <span class='ocrx_word' id='word_1_143' title='bbox 1168 1491 1304 1533; x_wconf 78' lang='lat' dir='ltr'><strong>Taciti.</strong></span> <span class='ocrx_word' id='word_1_144' title='bbox 1326 1492 1451 1535; x_wconf 71' lang='lat' dir='ltr'><strong>Lund.</strong></span> <span class='ocrx_word' id='word_1_145' title='bbox 1483 1496 1597 1535; x_wconf 73' lang='lat'><strong>17893</strong></span> 
     </span>
     <span class='ocr_line' id='line_1_19' title="bbox 339 1547 1599 1593; baseline 0.006 -9"><span class='ocrx_word' id='word_1_146' title='bbox 339 1549 465 1584; x_wconf 88' lang='lat' dir='ltr'><strong>Buhle</strong></span> <span class='ocrx_word' id='word_1_147' title='bbox 485 1547 770 1586; x_wconf 81' lang='lat' dir='ltr'><strong>observationes</strong></span> <span class='ocrx_word' id='word_1_148' title='bbox 792 1550 944 1586; x_wconf 81' lang='lat' dir='ltr'><strong>criticae</strong></span> <span class='ocrx_word' id='word_1_149' title='bbox 965 1550 1013 1586; x_wconf 89' lang='lat' dir='ltr'><strong>de</strong></span> <span class='ocrx_word' id='word_1_150' title='bbox 1025 1550 1149 1586; x_wconf 87' lang='lat' dir='ltr'><strong>Taciti</strong></span> <span class='ocrx_word' id='word_1_151' title='bbox 1169 1551 1271 1587; x_wconf 85' lang='lat' dir='ltr'><strong>stilo.</strong></span> <span class='ocrx_word' id='word_1_152' title='bbox 1292 1553 1470 1590; x_wconf 86' lang='lat' dir='ltr'><strong>Brunsw.</strong></span> <span class='ocrx_word' id='word_1_153' title='bbox 1485 1555 1599 1593; x_wconf 78' lang='lat'><strong>1817;</strong></span> 
     </span>
     <span class='ocr_line' id='line_1_20' title="bbox 318 1607 1602 1660; baseline 0.007 -18"><span class='ocrx_word' id='word_1_154' title='bbox 318 1607 437 1645; x_wconf 16' lang='lat' dir='ltr'><strong>ALud.</strong></span> <span class='ocrx_word' id='word_1_155' title='bbox 474 1609 576 1644; x_wconf 82' lang='lat' dir='ltr'><strong>Roth</strong></span> <span class='ocrx_word' id='word_1_156' title='bbox 608 1621 825 1656; x_wconf 81' lang='lat' dir='ltr'><strong>synonyma</strong></span> <span class='ocrx_word' id='word_1_157' title='bbox 857 1610 981 1646; x_wconf 89' lang='lat' dir='ltr'><strong>Taciti</strong></span> <span class='ocrx_word' id='word_1_158' title='bbox 1007 1611 1117 1651; x_wconf 59' lang='lat'>182&amp;</span> <span class='ocrx_word' id='word_1_159' title='bbox 1150 1608 1327 1656; x_wconf 58' lang='lat' dir='ltr'><strong>&amp;fintbet‘</strong></span> <span class='ocrx_word' id='word_1_160' title='bbox 1357 1608 1450 1652; x_wconf 65' lang='lat' dir='ltr'><strong>fibet</strong></span> <span class='ocrx_word' id='word_1_161' title='bbox 1484 1611 1602 1660; x_wconf 63' lang='lat' dir='ltr'><strong>cinig‘e</strong></span> 
     </span>
     <span class='ocr_line' id='line_1_21' title="bbox 340 1666 1599 1718; baseline 0.004 -13"><span class='ocrx_word' id='word_1_162' title='bbox 340 1666 608 1715; x_wconf 71' lang='lat' dir='ltr'><strong>grammatiscbe</strong></span> <span class='ocrx_word' id='word_1_163' title='bbox 643 1667 879 1717; x_wconf 59' lang='lat' dir='ltr'><strong>eigenbeitcn</strong></span> <span class='ocrx_word' id='word_1_164' title='bbox 914 1669 988 1709; x_wconf 75' lang='lat' dir='ltr'><strong>unb</strong></span> <span class='ocrx_word' id='word_1_165' title='bbox 1022 1668 1386 1718; x_wconf 66' lang='lat' dir='ltr'><strong>mterfmfivbtqfetten</strong></span> <span class='ocrx_word' id='word_1_166' title='bbox 1427 1672 1489 1712; x_wconf 60' lang='lat' dir='ltr'><strong>bes</strong></span> <span class='ocrx_word' id='word_1_167' title='bbox 1521 1671 1599 1713; x_wconf 56' lang='lat' dir='ltr'><strong>za,</strong></span> 
     </span>
     <span class='ocr_line' id='line_1_22' title="bbox 341 1725 1600 1777; baseline 0.004 -12"><span class='ocrx_word' id='word_1_168' title='bbox 341 1725 520 1773; x_wconf 64' lang='lat' dir='ltr'><strong>citeil&#39;dmt</strong></span> <span class='ocrx_word' id='word_1_169' title='bbox 546 1726 665 1772; x_wconf 58' lang='lat'><strong>&amp;1913</strong></span> <span class='ocrx_word' id='word_1_170' title='bbox 689 1728 730 1763; x_wconf 89' lang='lat' dir='ltr'><strong>in</strong></span> <span class='ocrx_word' id='word_1_171' title='bbox 763 1728 1054 1765; x_wconf 81' lang='lat' dir='ltr'><strong>Waohsmuthii</strong></span> <span class='ocrx_word' id='word_1_172' title='bbox 1078 1730 1279 1765; x_wconf 84' lang='lat' dir='ltr'><strong>Athenaeo</strong></span> <span class='ocrx_word' id='word_1_173' title='bbox 1310 1731 1364 1777; x_wconf 91' lang='lat'><strong>11,</strong></span> <span class='ocrx_word' id='word_1_174' title='bbox 1393 1732 1434 1768; x_wconf 79' lang='lat'><strong>2.</strong></span> <span class='ocrx_word' id='word_1_175' title='bbox 1481 1732 1600 1770; x_wconf 83' lang='lat' dir='ltr'><strong>Wer-</strong></span> 
     </span>
     <span class='ocr_line' id='line_1_23' title="bbox 338 1785 959 1834; baseline 0.006 -14"><span class='ocrx_word' id='word_1_176' title='bbox 338 1785 461 1821; x_wconf 80' lang='lat' dir='ltr'><strong>nickii</strong></span> <span class='ocrx_word' id='word_1_177' title='bbox 486 1793 691 1824; x_wconf 85' lang='lat' dir='ltr'><strong>comment.</strong></span> <span class='ocrx_word' id='word_1_178' title='bbox 716 1799 832 1834; x_wconf 87' lang='lat' dir='ltr'><strong>supra</strong></span> <span class='ocrx_word' id='word_1_179' title='bbox 855 1787 959 1824; x_wconf 86' lang='lat' dir='ltr'><strong>laud.</strong></span> 
     </span>
     <span class='ocr_line' id='line_1_24' title="bbox 275 1844 1604 1896; baseline 0.004 -16"><span class='ocrx_word' id='word_1_180' title='bbox 275 1845 315 1891; x_wconf 75' lang='lat'><strong>²)</strong></span> <span class='ocrx_word' id='word_1_181' title='bbox 338 1846 389 1880; x_wconf 89' lang='lat' dir='ltr'><strong>V.</strong></span> <span class='ocrx_word' id='word_1_182' title='bbox 417 1844 581 1890; x_wconf 79' lang='lat' dir='ltr'><strong>Quintil.</strong></span> <span class='ocrx_word' id='word_1_183' title='bbox 609 1852 643 1890; x_wconf 87' lang='lat'><strong>1,</strong></span> <span class='ocrx_word' id='word_1_184' title='bbox 669 1847 703 1890; x_wconf 88' lang='grc'><strong>6,</strong></span> <span class='ocrx_word' id='word_1_185' title='bbox 730 1852 774 1887; x_wconf 83' lang='grc'><strong>3,·</strong></span> <span class='ocrx_word' id='word_1_186' title='bbox 808 1846 1039 1883; x_wconf 81' lang='lat' dir='ltr'><strong>consuetudo</strong></span> <span class='ocrx_word' id='word_1_187' title='bbox 1066 1849 1276 1883; x_wconf 82' lang='lat' dir='ltr'><strong>certissima</strong></span> <span class='ocrx_word' id='word_1_188' title='bbox 1299 1848 1486 1896; x_wconf 74' lang='lat' dir='ltr'><strong>&#39;loquendi</strong></span> <span class='ocrx_word' id='word_1_189' title='bbox 1509 1859 1604 1885; x_wconf 62' lang='lat' dir='ltr'><strong>ma-d</strong></span> 
     </span>
     <span class='ocr_line' id='line_1_25' title="bbox 339 1904 1600 1955; baseline 0.004 -18"><span class='ocrx_word' id='word_1_190' title='bbox 339 1904 485 1950; x_wconf 81' lang='lat' dir='ltr'><strong>gistra.-</strong></span> <span class='ocrx_word' id='word_1_191' title='bbox 511 1905 766 1952; x_wconf 83' lang='lat' dir='ltr'><strong>utendumque</strong></span> <span class='ocrx_word' id='word_1_192' title='bbox 789 1907 905 1953; x_wconf 84' lang='lat' dir='ltr'><strong>plane</strong></span> <span class='ocrx_word' id='word_1_193' title='bbox 928 1918 1101 1942; x_wconf 86' lang='lat' dir='ltr'><strong>sermone</strong></span> <span class='ocrx_word' id='word_1_194' title='bbox 1117 1913 1158 1941; x_wconf 88' lang='lat' dir='ltr'><strong>ut</strong></span> <span class='ocrx_word' id='word_1_195' title='bbox 1173 1919 1342 1949; x_wconf 88' lang='lat' dir='ltr'><strong>nummo,</strong></span> <span class='ocrx_word' id='word_1_196' title='bbox 1368 1909 1430 1942; x_wconf 83' lang='lat' dir='ltr'><strong>cui</strong></span> <span class='ocrx_word' id='word_1_197' title='bbox 1443 1906 1600 1955; x_wconf 79' lang='lat' dir='ltr'><strong>publica</strong></span> 
     </span>
     <span class='ocr_line' id='line_1_26' title="bbox 329 1961 1600 2018; baseline 0.006 -23"><span class='ocrx_word' id='word_1_198' title='bbox 329 1961 466 2007; x_wconf 77' lang='lat' dir='ltr'><strong>forma</strong></span> <span class='ocrx_word' id='word_1_199' title='bbox 476 1969 540 1997; x_wconf 81' lang='lat' dir='ltr'><strong>est.</strong></span> <span class='ocrx_word' id='word_1_200' title='bbox 563 1965 702 1999; x_wconf 84' lang='lat' dir='ltr'><strong><em>Omnia</em></strong></span> <span class='ocrx_word' id='word_1_201' title='bbox 709 1972 837 2000; x_wconf 82' lang='lat' dir='ltr'><strong>tamen</strong></span> <span class='ocrx_word' id='word_1_202' title='bbox 845 1965 942 2000; x_wconf 75' lang='lat' dir='ltr'><strong>haec</strong></span> <span class='ocrx_word' id='word_1_203' title='bbox 952 1967 1110 2012; x_wconf 77' lang='lat' dir='ltr'><strong>exigunt</strong></span> <span class='ocrx_word' id='word_1_204' title='bbox 1121 1965 1415 2007; x_wconf 80' lang='lat' dir='ltr'><strong>acrejudicium:</strong></span> <span class='ocrx_word' id='word_1_205' title='bbox 1424 1965 1600 2018; x_wconf 80' lang='lat' dir='ltr'><strong>analogia</strong></span> 
     </span>
     <span class='ocr_line' id='line_1_27' title="bbox 340 2022 1601 2072; baseline 0.006 -18"><span class='ocrx_word' id='word_1_206' title='bbox 340 2023 556 2069; x_wconf 77' lang='lat' dir='ltr'><strong>praecipue,</strong></span> <span class='ocrx_word' id='word_1_207' title='bbox 568 2034 682 2068; x_wconf 82' lang='lat' dir='ltr'><strong>quam</strong></span> <span class='ocrx_word' id='word_1_208' title='bbox 695 2025 875 2070; x_wconf 72' lang='lat' dir='ltr'><strong>proxime</strong></span> <span class='ocrx_word' id='word_1_209' title='bbox 888 2036 940 2059; x_wconf 71' lang='lat' dir='ltr'><strong>ex</strong></span> <span class='ocrx_word' id='word_1_210' title='bbox 953 2028 1096 2061; x_wconf 85' lang='lat' dir='ltr'><strong>Graeco</strong></span> <span class='ocrx_word' id='word_1_211' title='bbox 1110 2022 1383 2069; x_wconf 79' lang='lat' dir='ltr'><strong>transferentes</strong></span> <span class='ocrx_word' id='word_1_212' title='bbox 1386 2028 1601 2072; x_wconf 80' lang='lat' dir='ltr'><strong>proportio-</strong></span> 
     </span>
     <span class='ocr_line' id='line_1_28' title="bbox 340 2082 1600 2129; baseline 0.005 -15"><span class='ocrx_word' id='word_1_213' title='bbox 340 2092 425 2115; x_wconf 86' lang='lat' dir='ltr'><strong>nem</strong></span> <span class='ocrx_word' id='word_1_214' title='bbox 434 2089 678 2117; x_wconf 84' lang='lat' dir='ltr'><strong>vocaverunt.</strong></span> <span class='ocrx_word' id='word_1_215' title='bbox 702 2083 899 2126; x_wconf 81' lang='lat' dir='ltr'><strong>Ejushaec</strong></span> <span class='ocrx_word' id='word_1_216' title='bbox 907 2084 965 2118; x_wconf 84' lang='lat' dir='ltr'><strong>vis</strong></span> <span class='ocrx_word' id='word_1_217' title='bbox 977 2089 1044 2128; x_wconf 84' lang='lat' dir='ltr'><strong>est,</strong></span> <span class='ocrx_word' id='word_1_218' title='bbox 1059 2089 1099 2117; x_wconf 87' lang='lat' dir='ltr'><strong>ut</strong></span> <span class='ocrx_word' id='word_1_219' title='bbox 1111 2082 1164 2126; x_wconf 82' lang='lat' dir='ltr'><strong>id,</strong></span> <span class='ocrx_word' id='word_1_220' title='bbox 1180 2082 1282 2127; x_wconf 82' lang='lat' dir='ltr'><strong>quod</strong></span> <span class='ocrx_word' id='word_1_221' title='bbox 1295 2083 1453 2122; x_wconf 80' lang='lat' dir='ltr'><strong>dubium</strong></span> <span class='ocrx_word' id='word_1_222' title='bbox 1466 2091 1531 2129; x_wconf 86' lang='lat' dir='ltr'><strong>est,</strong></span> <span class='ocrx_word' id='word_1_223' title='bbox 1545 2085 1600 2120; x_wconf 83' lang='lat' dir='ltr'><strong>ad</strong></span> 
     </span>
     <span class='ocr_line' id='line_1_29' title="bbox 343 2132 1600 2189; baseline 0.005 -16"><span class='ocrx_word' id='word_1_224' title='bbox 343 2140 492 2186; x_wconf 74' lang='lat' dir='ltr'><strong>aliquid</strong></span> <span class='ocrx_word' id='word_1_225' title='bbox 513 2142 644 2186; x_wconf 82' lang='lat' dir='ltr'><strong>simile,</strong></span> <span class='ocrx_word' id='word_1_226' title='bbox 673 2141 719 2182; x_wconf 81' lang='lat' dir='ltr'><strong>de</strong></span> <span class='ocrx_word' id='word_1_227' title='bbox 745 2154 815 2188; x_wconf 77' lang='lat' dir='ltr'><strong>quo</strong></span> <span class='ocrx_word' id='word_1_228' title='bbox 841 2154 917 2177; x_wconf 84' lang='lat' dir='ltr'><strong>non</strong></span> <span class='ocrx_word' id='word_1_229' title='bbox 943 2143 1156 2189; x_wconf 81' lang='lat' dir='ltr'><strong>quaeritur,</strong></span> <span class='ocrx_word' id='word_1_230' title='bbox 1189 2141 1348 2189; x_wconf 78' lang='lat' dir='ltr'><strong>referat,</strong></span> <span class='ocrx_word' id='word_1_231' title='bbox 1385 2132 1429 2178; x_wconf 78' lang='lat' dir='ltr'><strong>ut</strong></span> <span class='ocrx_word' id='word_1_232' title='bbox 1454 2144 1600 2179; x_wconf 77' lang='lat' dir='ltr'><strong>incerta</strong></span> 
     </span>
     <span class='ocr_line' id='line_1_30' title="bbox 344 2199 1601 2250; baseline 0.004 -17"><span class='ocrx_word' id='word_1_233' title='bbox 344 2201 456 2234; x_wconf 76' lang='lat' dir='ltr'><strong>certis</strong></span> <span class='ocrx_word' id='word_1_234' title='bbox 479 2199 622 2246; x_wconf 75' lang='lat' dir='ltr'><strong>probet.</strong></span> <span class='ocrx_word' id='word_1_235' title='bbox 673 2200 730 2236; x_wconf 86' lang='lat' dir='ltr'><strong>Cf.</strong></span> <span class='ocrx_word' id='word_1_236' title='bbox 754 2206 791 2244; x_wconf 84' lang='grc'><strong>9,</strong></span> <span class='ocrx_word' id='word_1_237' title='bbox 817 2206 852 2244; x_wconf 87' lang='grc'><strong>3,</strong></span> <span class='ocrx_word' id='word_1_238' title='bbox 881 2206 899 2237; x_wconf 89' lang='grc'><strong>1</strong></span> <span class='ocrx_word' id='word_1_239' title='bbox 940 2201 1149 2237; x_wconf 81' lang='lat' dir='ltr'><strong>Verborum</strong></span> <span class='ocrx_word' id='word_1_240' title='bbox 1172 2214 1260 2238; x_wconf 88' lang='lat' dir='ltr'><strong>vero</strong></span> <span class='ocrx_word' id='word_1_241' title='bbox 1274 2201 1435 2250; x_wconf 81' lang='lat' dir='ltr'><strong>figurae</strong></span> <span class='ocrx_word' id='word_1_242' title='bbox 1459 2210 1493 2239; x_wconf 83' lang='lat' dir='ltr'><strong>et</strong></span> <span class='ocrx_word' id='word_1_243' title='bbox 1512 2215 1601 2239; x_wconf 90' lang='lat' dir='ltr'><strong>mu-</strong></span> 
     </span>
     <span class='ocr_line' id='line_1_31' title="bbox 341 2258 1640 2308; baseline 0.005 -16"><span class='ocrx_word' id='word_1_244' title='bbox 341 2265 446 2293; x_wconf 75' lang='lat' dir='ltr'><strong>tatae</strong></span> <span class='ocrx_word' id='word_1_245' title='bbox 470 2265 558 2293; x_wconf 87' lang='lat' dir='ltr'><strong>sunt</strong></span> <span class='ocrx_word' id='word_1_246' title='bbox 581 2271 745 2307; x_wconf 86' lang='lat' dir='ltr'><strong>semper,</strong></span> <span class='ocrx_word' id='word_1_247' title='bbox 771 2267 827 2306; x_wconf 77' lang='lat' dir='ltr'><strong>et,</strong></span> <span class='ocrx_word' id='word_1_248' title='bbox 864 2267 1053 2308; x_wconf 82' lang='lat' dir='ltr'><strong>utcunque</strong></span> <span class='ocrx_word' id='word_1_249' title='bbox 1075 2262 1197 2296; x_wconf 81' lang='lat' dir='ltr'><strong>valuit</strong></span> <span class='ocrx_word' id='word_1_250' title='bbox 1229 2261 1478 2308; x_wconf 80' lang='lat' dir='ltr'><strong>consuetudo,</strong></span> <span class='ocrx_word' id='word_1_251' title='bbox 1510 2258 1602 2298; x_wconf 37' lang='lat' dir='ltr'><strong>mu*-</strong></span> <span class='ocrx_word' id='word_1_252' title='bbox 1636 2282 1640 2285; x_wconf 92' lang='lat'><em>-</em></span> 
     </span>
     <span class='ocr_line' id='line_1_32' title="bbox 339 2321 1646 2368; baseline 0.005 -16"><span class='ocrx_word' id='word_1_253' title='bbox 339 2324 483 2353; x_wconf 77' lang='lat' dir='ltr'><strong>tantur.</strong></span> <span class='ocrx_word' id='word_1_254' title='bbox 518 2322 651 2365; x_wconf 78' lang='lat' dir='ltr'><strong>Itaque</strong></span> <span class='ocrx_word' id='word_1_255' title='bbox 675 2321 708 2354; x_wconf 82' lang='lat' dir='ltr'><strong>si</strong></span> <span class='ocrx_word' id='word_1_256' title='bbox 731 2321 931 2366; x_wconf 80' lang='lat' dir='ltr'><strong>antiquum</strong></span> <span class='ocrx_word' id='word_1_257' title='bbox 952 2332 1161 2363; x_wconf 85' lang='lat' dir='ltr'><strong>sermonem</strong></span> <span class='ocrx_word' id='word_1_258' title='bbox 1178 2329 1304 2358; x_wconf 79' lang='lat' dir='ltr'><strong>nostro</strong></span> <span class='ocrx_word' id='word_1_259' title='bbox 1321 2334 1598 2368; x_wconf 77' lang='lat' dir='ltr'><strong>comparemuS,</strong></span> <span class='ocrx_word' id='word_1_260' title='bbox 1642 2338 1646 2350; x_wconf 61' lang='lat' dir='ltr'><strong>r</strong></span> 
     </span>
     <span class='ocr_line' id='line_1_33' title="bbox 339 2376 1601 2427; baseline 0.006 -16"><span class='ocrx_word' id='word_1_261' title='bbox 339 2389 460 2423; x_wconf 81' lang='lat' dir='ltr'><strong>paene</strong></span> <span class='ocrx_word' id='word_1_262' title='bbox 481 2376 563 2420; x_wconf 79' lang='lat' dir='ltr'><strong>jam</strong></span> <span class='ocrx_word' id='word_1_263' title='bbox 589 2378 777 2425; x_wconf 80' lang='lat' dir='ltr'><strong>quidquid</strong></span> <span class='ocrx_word' id='word_1_264' title='bbox 800 2380 988 2426; x_wconf 86' lang='lat' dir='ltr'><strong>loquimur</strong></span> <span class='ocrx_word' id='word_1_265' title='bbox 1003 2379 1141 2427; x_wconf 85' lang='lat' dir='ltr'><strong>figura</strong></span> <span class='ocrx_word' id='word_1_266' title='bbox 1167 2388 1241 2417; x_wconf 78' lang='lat' dir='ltr'><strong>est.-</strong></span> <span class='ocrx_word' id='word_1_267' title='bbox 1273 2388 1315 2416; x_wconf 84' lang='lat' dir='ltr'><strong>ut</strong></span> <span class='ocrx_word' id='word_1_268' title='bbox 1338 2381 1451 2425; x_wconf 80' lang='lat' dir='ltr'><strong>„hac</strong></span> <span class='ocrx_word' id='word_1_269' title='bbox 1474 2395 1515 2417; x_wconf 81' lang='grc' dir='ltr'><strong>νε</strong></span> <span class='ocrx_word' id='word_1_270' title='bbox 1537 2383 1601 2418; x_wconf 82' lang='lat' dir='ltr'><strong>in-</strong></span> 
     </span>
     <span class='ocr_line' id='line_1_34' title="bbox 340 2435 1599 2488; baseline 0.006 -18"><span class='ocrx_word' id='word_1_271' title='bbox 340 2435 508 2481; x_wconf 84' lang='lat' dir='ltr'><strong>videre,·“</strong></span> <span class='ocrx_word' id='word_1_272' title='bbox 532 2448 621 2481; x_wconf 83' lang='lat' dir='ltr'><strong>non,</strong></span> <span class='ocrx_word' id='word_1_273' title='bbox 647 2443 688 2472; x_wconf 84' lang='lat' dir='ltr'><strong>ut</strong></span> <span class='ocrx_word' id='word_1_274' title='bbox 712 2437 1002 2474; x_wconf 53' lang='lat' dir='ltr'><strong>omnefveteres</strong></span> <span class='ocrx_word' id='word_1_275' title='bbox 1026 2445 1061 2473; x_wconf 83' lang='lat' dir='ltr'><strong>et</strong></span> <span class='ocrx_word' id='word_1_276' title='bbox 1087 2442 1211 2476; x_wconf 84' lang='lat' dir='ltr'><strong>Cicero</strong></span> <span class='ocrx_word' id='word_1_277' title='bbox 1235 2442 1440 2488; x_wconf 82' lang='lat' dir='ltr'><strong>praecipue</strong></span> <span class='ocrx_word' id='word_1_278' title='bbox 1462 2442 1599 2484; x_wconf 76' lang='lat' dir='ltr'><strong>„hanc</strong></span> 
     </span>
     <span class='ocr_line' id='line_1_35' title="bbox 340 2494 1599 2547; baseline 0.005 -18"><span class='ocrx_word' id='word_1_279' title='bbox 340 2507 420 2529; x_wconf 85' lang='lat' dir='ltr'><strong>rem</strong></span> <span class='ocrx_word' id='word_1_280' title='bbox 431 2495 456 2515; x_wconf 73' lang='lat'><strong>‘⁶</strong></span> <span class='ocrx_word' id='word_1_281' title='bbox 493 2501 567 2530; x_wconf 82' lang='lat' dir='ltr'><strong>cet.</strong></span> <span class='ocrx_word' id='word_1_282' title='bbox 601 2501 643 2538; x_wconf 86' lang='lat'><strong>8,</strong></span> <span class='ocrx_word' id='word_1_283' title='bbox 676 2500 719 2539; x_wconf 86' lang='lat'><strong>3,</strong></span> <span class='ocrx_word' id='word_1_284' title='bbox 746 2494 794 2533; x_wconf 79' lang='grc'><strong>34</strong></span> <span class='ocrx_word' id='word_1_285' title='bbox 818 2503 871 2540; x_wconf 84' lang='lat' dir='ltr'><strong>et,</strong></span> <span class='ocrx_word' id='word_1_286' title='bbox 906 2510 1003 2544; x_wconf 76' lang='lat' dir='ltr'><strong>quae</strong></span> <span class='ocrx_word' id='word_1_287' title='bbox 1025 2505 1154 2534; x_wconf 83' lang='lat' dir='ltr'><strong>vetera</strong></span> <span class='ocrx_word' id='word_1_288' title='bbox 1177 2501 1282 2536; x_wconf 78' lang='lat' dir='ltr'><strong>nunc</strong></span> <span class='ocrx_word' id='word_1_289' title='bbox 1304 2507 1411 2544; x_wconf 84' lang='lat' dir='ltr'><strong>sunt,</strong></span> <span class='ocrx_word' id='word_1_290' title='bbox 1436 2499 1599 2547; x_wconf 61' lang='lat' dir='ltr'><strong>fuerunt</strong></span> 
     </span>
     <span class='ocr_line' id='line_1_36' title="bbox 344 2547 1596 2608; baseline 0.005 -19"><span class='ocrx_word' id='word_1_291' title='bbox 344 2555 431 2589; x_wconf 84' lang='lat' dir='ltr'><strong>olim</strong></span> <span class='ocrx_word' id='word_1_292' title='bbox 457 2566 556 2589; x_wconf 85' lang='lat' dir='ltr'><strong>nova</strong></span> <span class='ocrx_word' id='word_1_293' title='bbox 563 2580 574 2598; x_wconf 89' lang='lat'>‚</span> <span class='ocrx_word' id='word_1_294' title='bbox 608 2561 642 2589; x_wconf 84' lang='lat' dir='ltr'><strong>et</strong></span> <span class='ocrx_word' id='word_1_295' title='bbox 673 2547 863 2602; x_wconf 73' lang='lat' dir='ltr'><strong>quaedam</strong></span> <span class='ocrx_word' id='word_1_296' title='bbox 897 2558 938 2592; x_wconf 84' lang='lat' dir='ltr'><strong>in</strong></span> <span class='ocrx_word' id='word_1_297' title='bbox 969 2569 1039 2592; x_wconf 88' lang='lat' dir='ltr'><strong>usu</strong></span> <span class='ocrx_word' id='word_1_298' title='bbox 1066 2548 1255 2606; x_wconf 50' lang='lat' dir='ltr'><strong>perquam</strong></span> <span class='ocrx_word' id='word_1_299' title='bbox 1291 2561 1467 2608; x_wconf 62' lang='lat' dir='ltr'><strong>recentia.</strong></span> <span class='ocrx_word' id='word_1_300' title='bbox 1517 2559 1596 2596; x_wconf 86' lang='lat' dir='ltr'><strong>Cic.</strong></span> 
     </span>
     <span class='ocr_line' id='line_1_37' title="bbox 351 2610 1599 2664; baseline 0.005 -17"><span class='ocrx_word' id='word_1_301' title='bbox 351 2611 501 2648; x_wconf 80' lang='lat' dir='ltr'><strong>Partitt.</strong></span> <span class='ocrx_word' id='word_1_302' title='bbox 518 2619 574 2655; x_wconf 89' lang='lat'><strong>18,</strong></span> <span class='ocrx_word' id='word_1_303' title='bbox 595 2610 618 2650; x_wconf 84' lang='lat'><em>6</em></span> <span class='ocrx_word' id='word_1_304' title='bbox 635 2620 675 2648; x_wconf 84' lang='lat' dir='ltr'><strong>ut</strong></span> <span class='ocrx_word' id='word_1_305' title='bbox 694 2616 735 2649; x_wconf 79' lang='lat' dir='ltr'><strong>in</strong></span> <span class='ocrx_word' id='word_1_306' title='bbox 753 2614 987 2662; x_wconf 78' lang='lat' dir='ltr'><strong>simplicibus</strong></span> <span class='ocrx_word' id='word_1_307' title='bbox 1002 2616 1128 2652; x_wconf 79' lang='lat' dir='ltr'><strong>verbis</strong></span> <span class='ocrx_word' id='word_1_308' title='bbox 1142 2618 1244 2664; x_wconf 83' lang='lat' dir='ltr'><strong>quod</strong></span> <span class='ocrx_word' id='word_1_309' title='bbox 1260 2631 1340 2658; x_wconf 66' lang='lat' dir='ltr'><strong>nonv</strong></span> <span class='ocrx_word' id='word_1_310' title='bbox 1355 2626 1408 2653; x_wconf 82' lang='lat' dir='ltr'><strong>cst</strong></span> <span class='ocrx_word' id='word_1_311' title='bbox 1421 2619 1599 2664; x_wconf 66' lang='lat' dir='ltr'><strong>latinum,</strong></span> 
     </span>
    </p>
   </div>
   <div class='ocr_carea' id='block_1_4' title="bbox 277 2668 1599 2767">
    <p class='ocr_par' dir='ltr' id='par_1_4' title="bbox 277 2668 1599 2767">
     <span class='ocr_line' id='line_1_38' title="bbox 277 2668 1599 2729; baseline 0.005 -23"><span class='ocrx_word' id='word_1_312' title='bbox 277 2668 284 2678; x_wconf 93' lang='grc'><strong>’</strong></span> <span class='ocrx_word' id='word_1_313' title='bbox 343 2672 402 2709; x_wconf 76' lang='lat' dir='ltr'><strong>sic</strong></span> <span class='ocrx_word' id='word_1_314' title='bbox 432 2673 474 2708; x_wconf 86' lang='lat' dir='ltr'><strong>in</strong></span> <span class='ocrx_word' id='word_1_315' title='bbox 509 2673 736 2720; x_wconf 73' lang='lat' dir='ltr'><strong>conjunctis3</strong></span> <span class='ocrx_word' id='word_1_316' title='bbox 775 2673 881 2722; x_wconf 86' lang='lat' dir='ltr'><strong>quod</strong></span> <span class='ocrx_word' id='word_1_317' title='bbox 911 2686 990 2712; x_wconf 86' lang='lat' dir='ltr'><strong>non</strong></span> <span class='ocrx_word' id='word_1_318' title='bbox 1021 2682 1078 2712; x_wconf 83' lang='lat' dir='ltr'><strong>est</strong></span> <span class='ocrx_word' id='word_1_319' title='bbox 1109 2687 1347 2729; x_wconf 72' lang='lat' dir='ltr'><strong>consequens</strong></span> <span class='ocrx_word' id='word_1_320' title='bbox 1379 2679 1599 2724; x_wconf 67' lang='lat' dir='ltr'><strong>vituperan-</strong></span> 
     </span>
     <span class='ocr_line' id='line_1_39' title="bbox 343 2731 533 2767; baseline -0.005 0"><span class='ocrx_word' id='word_1_321' title='bbox 343 2731 438 2767; x_wconf 80' lang='lat' dir='ltr'><strong>dum</strong></span> <span class='ocrx_word' id='word_1_322' title='bbox 468 2739 533 2767; x_wconf 84' lang='lat' dir='ltr'><strong>est.</strong></span> 
     </span>
    </p>
   </div>
   <div class='ocr_carea' id='block_1_5' title="bbox 424 2900 430 2920">
    <p class='ocr_par' dir='ltr' id='par_1_5' title="bbox 424 2900 430 2920">
     <span class='ocr_line' id='line_1_40' title="bbox 424 2900 430 2920; baseline 0 0"><span class='ocrx_word' id='word_1_323' title='bbox 424 2900 430 2920; x_wconf 69' lang='lat'>¹</span> 
     </span>
    </p>
   </div>
  </div>
 </body>
</html>
