1702 2982
225 221 307 263 108
734 218 1038 292 Conjuaenctivus

215 330 299 366 nitu
329 330 601 379 redintegratas
633 331 753 380 (esse)
784 332 1029 370 caerimonias
1061 340 1096 370 et
1131 335 1172 376 in
1205 341 1397 383 posterum
1425 336 1566 386 rectius

215 389 370 425 habitas
393 389 439 436 (i.
453 402 488 433 Q·
514 390 734 438 haruspices
757 390 908 437 accitos,
934 398 972 427 et
997 403 1130 428 eorum
1152 393 1300 429 monitu
1327 393 1581 440 cet.)3,11ist.'

215 453 252 492 2,
275 453 320 498 83
351 447 552 496 ambiguus
583 450 746 493 consilii,
768 462 880 485 «num
916 468 963 476 —
993 451 1119 496 longis
1144 451 1309 486 navibus
1339 453 1493 488 versum
1522 453 1565 488 in

214 506 370 542 Italiam
394 498 502 542 mare
536 507 746 554 clauderet,
778 506 864 542 tutti
892 519 988 555 pone
1016 514 1164 555 tergum
1195 508 1351 554 Achajd
1381 509 1564 558 Asiaque,
1614 527 1619 530 ’

214 575 310 613 quas
335 564 417 610 (eas
441 564 562 611 enim)
587 565 750 602 inermes
773 565 919 613 exponi
941 565 1111 611 Vitellio,
1136 567 1176 602 ni
1200 567 1401 614 praesidiis
1413 566 1564 612 firma·
1597 572 1601 575 '

213 630 355 659 rentur.
385 642 434 650 —-·
479 625 567 666 Huc
601 623 718 659 etiam
756 623 922 670 pertinet
961 625 1089 669 locus,
1133 623 1243 671 cujus
1291 625 1363 665 vix
1400 626 1565 664 similem

213 681 316 730 apud
341 681 435 718 alios
460 681 649 726 invenias,
677 684 783 719 Ann.
796 687 830 728 2,
844 687 890 720 33
916 682 1113 718 distinctos
1142 690 1296 720 senatus
1328 691 1365 721 et
1398 687 1564 733 equitum

212 752 344 776 census
371 759 419 767 —-
442 747 484 775 ut
507 741 610 784 locis,
637 740 843 784 ordinibus,
870 740 1154 789 dignationibus
1178 744 1367 787 antistent,
1389 745 1564 792 taliaque

211 798 267 835 ad
294 801 458 846 requiem
483 800 605 833 animi
636 805 704 833 aut
735 798 997 834 salubritatem
1029 811 1228 846 corporum
1257 807 1457 847 parentur-‚-
1482 801 1565 838 misi

212 857 308 892 forte
346 856 439 901 (sed
473 856 654 902 sortasse)
687 857 896 893 clarissimo
928 859 1059 904 cuique
1090 859 1217 906 plures
1248 870 1378 903 curas,
1413 859 1564 904 majora

207 916 380 963 pericula
404 914 615 965 subeunda,
649 914 898 951 delinimentis
930 927 1110 951 curarum
1141 922 1176 952 et
1206 918 1461 964 periculorum
1494 928 1564 952 ca·-

212 973 374 1010 rendum
409 985 504 1010 esse.
554 974 603 1010 V.
636 973 781 1020 Kriiger
812 975 839 1008 1.
865 975 890 1008 1.
925 985 964 1020 p.
983 977 1029 1014 70
1042 986 1129 1023 sqq.
1177 975 1296 1023 Apud
1328 974 1413 1012 Liv.
1446 975 1562 1012 etiam

210 1031 395 1079 reperitur
433 1042 724 1079 quamquam
764 1031 840 1066 hoc
873 1032 989 1068 modo
1023 1044 1113 1069 cum
1150 1031 1258 1069 infin.
1290 1033 1562 1080 conjunctum:

210 1091 317 1125 Ann.
339 1095 395 1134 12,
413 1090 460 1128 65
494 1100 783 1138 quamquam
809 1090 891 1134 (sed
925 1091 1069 1134 tamen)
1102 1102 1150 1126 ne
1178 1091 1441 1139 inpudicitiam
1475 1094 1561 1140 qui-

211 1148 300 1186 dem
331 1162 434 1185 nunc
467 1147 608 1183 abesse.
642 1169 691 1177 -—-
737 1146 835 1183 Hist.
862 1153 901 1192 1,
926 1151 969 1189 17
1014 1148 1266 1192 honorificum
1305 1149 1349 1186 id
1379 1150 1560 1187 militibus

198 1207 310 1254 sore,
345 1218 512 1255 quorum
546 1207 602 1253 (et
625 1206 774 1251 eorum)
802 1205 1000 1252 favorem,
1034 1212 1079 1242 ut
1116 1208 1315 1255 largitione
1345 1215 1380 1244 et
1413 1209 1561 1245 ambitu.

209 1267 311 1300 male
342 1264 493 1314 adquiri
525 1264 619 1310 (per
650 1263 924 1310 attractionem,
964 1277 1081 1313 quam
1121 1264 1273 1312 dicunt,
1315 1267 1457 1313 pendet
1494 1267 1560 1304 hic
1596 1257 1600 1265 s

206 1322 314 1361 infin.
340 1335 429 1359 cum
452 1328 502 1358 ut
525 1321 710 1370 particula
734 1322 958 1370 conjunctus
982 1335 1032 1359 ex
1057 1325 1174 1360 altero
1190 1324 1273 1369 illo,
1299 1324 1367 1373 qui
1385 1325 1558 1371 relativo,

98 1402 102 1409 ·
142 1398 163 1406 ‘x
208 1393 316 1418 more
348 1392 462 1428 supra
493 1380 571 1426 jam
602 1379 686 1416 aliis
721 1382 907 1429 exemplis
941 1382 1153 1430 explicato,
1188 1381 1341 1429 junctus
1373 1385 1469 1430 est),
1503 1384 1559 1422 ita

203 1453 272 1488 per
296 1439 416 1477 bonas
441 1446 541 1476 artes
564 1438 671 1475 haud
693 1440 965 1486 spernendum.
1014 1440 1072 1479 Cf.
1095 1441 1312 1486 Ann.‘1‚jl2
1337 1454 1387 1488 se,
1413 1449 1454 1478 ut
1482 1455 1558 1479 non

206 1510 339 1546 parem
365 1518 413 1525 —
439 1500 494 1533 ita
518 1505 783 1544 suscepturum.
801 1519 849 1526 -
875 1499 1015 1536 Contra
1038 1511 1130 1536 vero
1155 1499 1422 1546 conjunctivus
1443 1499 1559 1536 etiam

207 1556 384 1604 ponitur,
424 1556 492 1592 ubi
523 1569 573 1593 ex
611 1556 681 1591 ista
715 1556 987 1592 consuetudine
1028 1557 1135 1594 infin.
1173 1550 1472 1604 exspectaveris}
1514 1565 1559 1596 ut
1591 1570 1594 1575 ·

206 1614 334 1661 Agric.
350 1620 394 1653 15
418 1617 584 1663 singulos
608 1614 678 1649 sibi
704 1616 792 1650 olim
826 1628 931 1663 reges
959 1615 1097 1660 fuisse,
1125 1629 1227 1652 nunc
1261 1615 1371 1652 binos
1401 1618 1558 1663 imponi,

206 1685 229 1708 e
244 1672 382 1721 quibus
407 1675 552 1722 legatus
573 1676 614 1709 in
637 1676 870 1721 sattguinem,
893 1682 1118 1720 procurator
1138 1676 1179 1710 in
1200 1674 1300 1710 bona
1321 1673 1493 1711 saeviret.
1510 1693 1573 1707 -ι,
1598 1687 1599 1690 ’

205 1733 311 1766 Male
336 1733 479 1768 Ernest.
505 1732 622 1780 sunsit
646 1744 693 1776 „e
711 1732 848 1779 quibus
876 1733 1044 1780 legatum
1061 1753 1109 1760 —
1124 1734 1312 1769 saevire.“
1337 1734 1388 1770 V.
1400 1733 1556 1772 Walch.

205 1796 243 1825 et
266 1792 410 1826 Hertel.
439 1791 498 1825 ad.
524 1790 563 1825 h.
589 1792 616 1825 l.

299 1847 347 1891 b)
383 1855 435 1884 ut
474 1847 828 1894 conjunctivus
860 1861 998 1885 suum
1034 1849 1216 1886 retinet
1246 1851 1427 1894 locum,
1468 1849 1598 1886 ubi'1

168 1924 179 1926 ⁸
205 1913 378 1954 aperte
418 1906 771 1955 interrogatur,
818 1908 906 1951 ita,
948 1908 1075 1956 apud
1110 1908 1304 1944 Livium
1332 1913 1379 1943 et
1414 1908 1557 1944 Taci—

206 1971 305 2000 tum
329 1964 566 2019 maxxime,
604 1965 790 2000 infinit.
817 1972 915 2001 tum
949 1972 1236 2012 usurpatur,
1272 1977 1378 2002 cum
1405 1965 1557 2003 ‘inter-

203 2022 416 2069 rogando
440 2021 718 2070 indignatio
743 2025 822 2060 vel
847 2023 1110 2059 admiratio
1135 2024 1448 2070 exprimitur,
1473 2027 1555 2062 vel

204 2079 515 2126 simpliciter
546 2081 796 2117 adseritur
826 2081 1034 2130 aliquid.
1082 2082 1131 2116 V.
1154 2083 1380 2118 Ramshorn.
1405 2084 1552 2129 p..616.

166 2150 168 2154 ⁴
202 2141 305 2174 Ann.
319 2143 406 2182 1,17
423 2140 524 2174 velut
549 2139 887 2175 concionabundus
910 2138 1180 2186 interrogabat,
1207 2150 1275 2174 cur
1297 2142 1434 2187 paucis
1459 2151 1552 2175 cen-

202 2197 424 2242 turionibus,
450 2198 692 2245 paucioribus
724 2197 896 2242 tribunis,
931 2199 972 2232 in
1002 2198 1157 2232 modum
1190 2209 1384 2235 servorum
1418 2196 1554 2236 obedi-

202 2257 313 2292 rent?
345 2256 503 2304 quando
534 2268 689 2292 ausuros
722 2267 924 2304 emposcere
957 2256 1122 2305 remedia
1131 2271 1144 2300 ,·
1179 2255 1234 2291 ib.
1268 2256 1455 2292 subfinem
1486 2268 1555 2293 ca-

201 2313 311 2359 pitis:
348 2314 400 2349 'an
422 2316 632 2358 praetorias
664 2315 833 2350 cohortes
857 2338 906 2344 -
928 2316 1014 2363 plus
1046 2314 1300 2362 periculorum
1333 2314 1554 2362 suscipere?

204 2370 322 2415 13‚‘l42
348 2384 399 2407 an
420 2375 582 2419 gravius
607 2373 903 2409 existimandum
936 2373 1053 2420 (esse)
1079 2392 1127 2399 -—
1150 2373 1351 2417 praemium
1375 2372 1554 2409 lz'onestae

201 2442 334 2476 operae
358 2430 526 2477 adsequi,
563 2444 676 2478 quam
707 2444 951 2479 conrumpere
982 2431 1159 2467 cubicula
1190 2433 1404 2479 principum
1428 2431 1554 2476 femi—-

200 2491 366 2525 narum?
400 2501 477 2537 qua
507 2491 707 2537 sapientia,
743 2489 883 2538 quibus
913 2489 1227 2536 philosophorum
1257 2491 1467 2538 praeceptis
1489 2491 1560 2526 in-·

200 2556 263 2583 tra
293 2538 579 2594 quadriennium
603 2551 728 2595 regiae
757 2550 948 2583 amicitiae
979 2556 1036 2583 ter·
1067 2550 1204 2583 millies
1236 2550 1461 2584 sestertium¹
1479 2560 1551 2596 pa·-

200 2604 386 2643 ravisset?
409 2606 506 2642 Hist.
519 2612 554 2650 3,
574 2612 617 2644 13
642 2614 793 2642 vastum
827 2609 951 2653 primo
977 2608 1177 2651 silentium,
1211 2619 1308 2643 mox
1332 2599 1552 2643 cunc-tasi-

200 2666 287 2705 mul,
300 2671 518 2712 erumpunt:
552 2665 628 2699 huc
653 2665 829 2700 cecidisse
858 2667 1074 2701 Germanici
1098 2666 1287 2701 exercitus
1309 2666 1486 2713 gloriam,
1509 2671 1552 2699 ut

201 2725 281 2758 sine
299 2724 442 2770 proelio
468 2741 514 2750 —
538 2723 896 2759 traderentaearma?
930 2735 1025 2773 quas
1056 2725 1151 2759 enim
1173 2735 1226 2759 eoe
1258 2723 1406 2760 diverso
1435 2723 1551 2769 legio-

1201 2895 1205 2915 ἱ
