1702 2982
581 161 804 237 de'stillo
834 158 1031 208 Taciti?
1413 173 1490 208 XLI

126 284 241 349 ptori
284 281 505 348 proprium
543 282 618 340 sit,
659 281 897 328 discernere
935 280 1065 326 volet.
1125 279 1243 328 Tum
1277 297 1379 328 vero
1421 299 1491 329 res

59 381 67 388 ·
126 367 193 405 cst
222 355 397 420 maximi
436 353 650 400 momentir
678 353 844 410 videre,
879 352 926 397 in
963 368 1048 415 quo
1090 352 1296 398 orationis
1335 371 1491 416 genere

108 430 332 495 ecujusque
360 422 554 477 versetur
585 425 722 482 stiluS,
755 442 851 471 cum
882 423 968 468 alia
997 423 1055 468 sit
1084 434 1251 486 poetae,
1282 423 1368 470 alia
1389 442 1494 471 ora-

127 499 235 547 toris
273 496 440 544 dicendi
483 496 781 558 scribendique
818 496 953 552 ratio,
996 512 1093 540 cum
1135 493 1261 540 aliter
1297 495 1491 552 historia,

127 571 249 632 aliter
288 568 495 632 epistola,
533 568 657 614 aliter
694 567 888 628 dialogus
926 577 1207 629 componatur
1220 567 1281 628 ἓ).
1341 567 1492 630 Itaque

126 657 296 688 summa
318 640 549 702 diligentia,
582 640 684 703 quid
713 638 911 692 universo
943 637 1101 700 generi,
1128 637 1238 700 quid
1266 637 1493 700 unicuique

127 713 328 776 scriptori
357 712 624 759 tribuendum
654 711 722 768 sit,
752 709 1011 773 perscrutari
1039 709 1304 756 debebimus.
1352 707 1493 769 ‚Quae

129 785 302 849 quidem
331 784 478 830 omnia
508 785 566 830 ad
595 782 818 844 analogiae
852 797 982 845 quam
1001 797 1130 844 supra
1151 780 1330 826 diximus
1357 779 1496 841 legem

129 856 336 919 exigenda
364 866 499 913 erunt,
527 866 576 901 ut
604 870 750 901 veram
781 870 832 900 ac
861 853 1093 914 genuinam
1125 852 1223 908 stili,
1255 868 1339 915 quo
1380 852 1494 914 quis—

131 945 214 992 que
253 944 356 974 usus
382 927 480 984 est,
520 925 708 974 indolem
745 924 990 989 perspicere
1029 933 1072 969 et
1100 923 1330 969 insolenter
1349 919 1354 952 ἶ
1366 923 1495 969 etiam

131 1000 246 1046 dicta
281 999 339 1045 ad
374 999 561 1062 aliquam
598 997 792 1060 vulgaris
834 994 1043 1041 sermonis
1076 995 1397 1041 similitudinem
1426 1013 1494 1041 re-

129 1071 242 1119 ferre
272 1070 414 1118 liceat.
473 1072 615 1134 Atque
645 1069 691 1115 in
719 1068 834 1113 hunc
864 1066 1041 1112 modum
1071 1081 1160 1112 non
1191 1065 1360 1131 sin'gula
1400 1077 1494 1117 tan-

130 1154 222 1190 tum
258 1143 411 1200 verba,
444 1140 768 1205 significationis
805 1138 1033 1203 praecipue
1073 1139 1227 1201 quovis
1267 1137 1357 1184 fere
1389 1155 1497 1185 aevo

133 1215 338 1262 variantis
366 1214 531 1260 ratione
561 1213 725 1269 habita,
758 1211 836 1256 sed
874 1226 1023 1255 eorum
1054 1211 1184 1256 etiam
1214 1221 1426 1256 structura
1456 1222 1499 1258 et

133 1286 359 1335 collocatio
397 1296 525 1348 atque
564 1286 709 1332 omnia
740 1282 930 1338 omnino,
963 1298 1070 1344 quae
1103 1282 1160 1328 ad
1190 1292 1327 1333 artem
1356 1299 1499 1345 gram-

133 1359 335 1406 maticam
363 1358 589 1422 pertinent,
620 1356 877 1420 inquirenda
907 1366 1021 1402 sunt.

142 1432 146 1434 ’
254 1430 428 1491 Quodsi
468 1430 524 1475 ad
555 1429 758 1476 Tacitum
797 1435 1025 1491 praecepta
1053 1426 1129 1471 illa
1158 1426 1356 1488 legesque
1387 1425 1497 1471 refe-

133 1502 280 1559 rimus,
312 1501 441 1564 longe
471 1501 683 1564 plurima,
714 1501 844 1546 etiam
885 1498 1184 1555 insolentiora,
1224 1497 1263 1543 ei
1295 1515 1390 1543 cum
1409 1496 1498 1560 pri-

136 1589 258 1619 orum
286 1585 528 1635 temporum
559 1573 862 1637 scriptoribus,
901 1570 1127 1633 praecipue
1164 1586 1260 1615 cum
1289 1567 1500 1627 historicis

77 1698 80 1699 ⁷
139 1645 380 1690 communia
410 1660 506 1688 esse
536 1644 825 1705 intelligimus,
857 1642 993 1687 multa
1022 1652 1180 1698 tamen,
1213 1656 1319 1703 quae
1351 1655 1378 1684 a
1408 1638 1499 1684 vul-

139 1715 232 1775 gari
267 1714 469 1776 loquendi
507 1732 661 1776 genere
699 1715 746 1760 in
783 1715 876 1775 ejus
911 1713 1012 1759 stilo
1042 1711 1173 1775 plane
1210 1711 1430 1767 recedunt,
1461 1720 1503 1756 et

170 1835 206 1882 ¹)
231 1836 281 1872 V.
307 1833 483 1871 Walchii
515 1833 733 1871 Emendatt.
763 1833 850 1871 Liv.
883 1846 922 1882 p.
956 1838 979 1871 3
1011 1844 1069 1881 sq.
1102 1833 1266 1876 „Facile
1295 1832 1503 1879 intelligas,

233 1894 289 1930 ad
312 1895 395 1929 alia
419 1907 504 1929 eum
531 1895 731 1940 (Livium)
759 1906 874 1942 quam
901 1905 998 1941 quae
1020 1893 1160 1939 vulgus
1182 1898 1305 1939 putat,
1332 1891 1424 1928 bene
1441 1892 1505 1928 di·-

235 1954 346 1991 cendi
368 1961 577 2001 praecepta
602 1962 795 2002 artemque
818 1954 1019 1990 direxisse.
1063 1955 1193 1999 Neque
1217 1953 1383 1998 reperias
1409 1954 1508 1988 scri-

232 2020 391 2062 ptorem,
418 2015 484 2062 qui
508 2006 710 2050 adsuetum
740 2015 920 2049 Tulliana
945 2013 1199 2049 concinnitate
1231 2013 1406 2047 lectorem
1440 2012 1508 2048 de-

234 2074 345 2110 ludat
357 2073 621 2121 fi·equentius,·
647 2073 755 2119 cujus
778 2074 821 2108 in
845 2079 956 2109 tanta
982 2071 1182 2108 dulcedine
1206 2071 1331 2115 major
1349 2073 1400 2107 sit
1418 2085 1507 2108 ora-

234 2134 345 2168 tionis
385 2133 559 2178 durities,
602 2133 846 2182 periodorum
878 2133 941 2168 vel
974 2138 1137 2168 tortuoso
1173 2131 1322 2168 ambitu
1366 2133 1508 2179 (saepe

236 2194 351 2229 etiam
377 2193 650 2240 imperfecto),
680 2195 742 2230 vel
758 2193 963 2239 juncturae
993 2192 1165 2240 quaesita
1190 2193 1420 2240 negligentia
1427 2208 1440 2237 ;
1465 2194 1508 2228 in

237 2265 310 2301 quo
341 2252 512 2299 offendat
537 2253 704 2289 crebrior
728 2255 769 2289 in
801 2254 972 2288 similiter
1005 2250 1230 2288 cadentibus
1263 2251 1413 2296 verbis,
1446 2252 1511 2288 vel

237 2313 307 2359 bis,
334 2320 402 2358 ter,
429 2320 564 2361 quater
587 2316 629 2350 in
653 2312 759 2350 brevi
786 2314 1042 2348 enuntiatione
1065 2314 1231 2360 repetitis
1257 2312 1431 2356 incuria‚·
1467 2312 1509 2347 in

239 2385 313 2421 quo
348 2373 510 2421 denique
541 2380 594 2409 tot
621 2386 646 2409 -e
677 2379 863 2409 vetustate
889 2371 1094 2416 adsumta,
1131 2373 1193 2408 vel
1216 2384 1268 2407 ex
1294 2372 1510 2407 imitatione

243 2436 476 2470 Graecorum
513 2446 608 2470 nove
642 2440 677 2468 et
706 2445 794 2469 cum
825 2432 996 2480 periculo
1030 2431 1141 2468 dicta
1164 2431 1329 2467 insolens
1354 2431 1449 2479 quid
1474 2437 1510 2466 et
1572 2470 1585 2478 „

239 2494 484 2540 peregrinum
515 2493 689 2529 sonent.“
737 2494 786 2528 Et
813 2483 1013 2528 simillima
1043 2491 1141 2527 ratio
1168 2497 1224 2526 est
1248 2502 1338 2526 cum
1364 2484 1510 2534 celero—

240 2563 327 2587 rum
356 2553 533 2589 omnium
557 2552 840 2596 historicorum,
867 2557 949 2587 tum
976 2550 1116 2586 Taciti.
1164 2551 1249 2596 Quo
1285 2549 1408 2598 magis
1433 2548 1512 2585 mi-
1539 2592 1542 2596 ἱ

242 2611 317 2646 rari
341 2612 431 2648 licet
456 2612 757 2660 perversitatem,
784 2623 906 2658 prope
931 2610 1100 2646 dixerim
1119 2608 1342 2647 vecordiam
1362 2619 1509 2652 eorum,

243 2670 314 2719 qui
340 2671 421 2707 stili
445 2671 574 2707 Latini
599 2677 802 2721 praecepta
827 2671 1027 2714 tradentes,
1053 2681 1177 2705 unum
1203 2668 1427 2706 Ciceronem
1452 2679 1514 2704 se-

245 2737 424 2778 quuntur
444 2737 557 2780 atque
581 2733 682 2767 ultra
706 2726 813 2780 bunc
838 2742 921 2767 non
945 2729 1089 2766 audent
1107 2741 1251 2777 sapere.
