1702 2982
577 206 580 211 ,
638 209 640 215 ,
672 161 912 222 Infinitivus
1351 230 1361 243 x
1393 170 1491 215 263·

58 294 89 323 „¹
117 279 315 325 ivtmrgere
337 277 556 326 paullatim,
580 278 718 315 munta
741 284 909 321 senatus,
943 281 1273 336 magistratuum*
1289 283 1416 332 legum
1439 285 1486 322 in

117 348 164 371 se
200 336 350 373 trahere
357 354 371 380 ;
412 337 543 386 Agric.
571 341 618 380 19
659 337 831 384 primum
879 337 1037 376 domum
1075 352 1188 378 suam
1224 344 1402 380 coercuit.
1432 361 1484 372 --

117 395 265 442 [agere]
290 394 386 431 nihil
406 406 475 443 per
505 395 656 433 libertos
690 407 890 444 servosque
923 396 1104 444 publicae
1135 401 1200 447 rei,
1235 413 1312 437 non
1343 401 1484 438 studiis

114 455 277 502 privatis
298 471 352 480 —-
373 455 510 490 milites
534 457 674 500 accit-‚e
707 455 775 491 sed
801 458 983 502 optimum
1009 470 1191 507 quemque
1204 458 1484 502 fidelissimum

67 523 75 532 ·
114 519 273 559 putare3
295 514 422 548 omnia
447 525 525 548 §cu
526 526 557 558 e,
586 527 662 550 non
688 517 818 551 omru'a
843 518 1004 565 exsequi
1028 524 1097 552 cet.
1123 518 1191 566 (cf.
1217 518 1332 555 etiam
1356 531 1418 568 cp.
1433 525 1481 558 38

114 569 184 606 ubi
209 565 370 618 plurimi
402 571 519 619 hujus
558 572 707 622 generis
739 573 924 611 infinitivi
954 574 1132 612 similiter
1165 579 1482 625 coacervantur),

114 628 214 665 nist.
228 634 262 673 1,
275 626 324 667 45
356 642 464 665 ruere
494 634 622 668 cuncti
655 635 696 669 in
729 631 872 679 castra,
907 636 1054 670 anteire
1083 638 1300 683 prox-imos,
1336 643 1483 674 certare

113 694 207 723 cum
225 690 573 737 praecurrentibus,
598 693 799 739 increpare
827 692 1009 738 Galbam,
1043 694 1206 731 laudare
1229 697 1393 733 militum
1413 709 1481 742 Ju—

113 746 271 791 dicium,
305 750 528 785 eoeosculari
563 752 717 787 Othonis
747 764 933 799 manum,
966 761 1180 802 quantoque
1211 757 1340 804 magis
1359 754 1481 802 falsa

112 811 234 850 erant,
265 817 363 853 quae
382 806 550 852 fiebant,
580 816 687 846 tanto
718 812 835 859 plura
855 811 1015 858 facere,
1046 823 1111 860 cp.
1125 818 1170 851 81
1205 816 1270 862 qui
1293 833 1342 842 —
1363 813 1480 850 modo
1515 814 1519 818 ’

111 866 367 901 constantiam
390 868 587 912 simulare,
612 869 726 906 modo
751 869 966 917 formidine
992 871 1136 920 detegi,
1171 873 1290 909 simul
1322 873 1480 910 othonis

111 923 262 959 vultum
290 925 450 968 intueri5
481 931 517 969 2,
530 931 577 964 22
602 929 751 964 altiora—
772 942 968 966 murorum
993 950 1042 958 —
1066 933 1273 978 incessere,
1305 932 1479 980 neglecta

110 988 180 1017 aut
203 995 296 1019 aevo
319 982 443 1028 fluxa
468 987 640 1021 cominus
665 987 849 1035 adgredi
880 990 1058 1038 ingerunt
1083 990 1244 1040 desuper
1268 996 1336 1026 cet.
1362 991 1479 1038 plura

109 1039 295 1078 infinitivi
319 1052 410 1078 cum
433 1055 474 1079 v.
490 1042 598 1079 finito
623 1044 820 1092 conjuncti
844 1049 1024 1095 exempla
1048 1060 1089 1085 v.
1111 1048 1213 1085 infra
1238 1048 1281 1086 in
1305 1048 1354 1086 iis
1379 1061 1479 1099 quae

108 1099 292 1148 deinceps
315 1107 548 1150 sequuntur3
577 1110 769 1149 praeterea
793 1105 844 1141 cf.
857 1108 962 1142 Ann.
979 1111 1036 1150 15,
1054 1113 1110 1144 11.
1124 1113 1169 1148 27
1190 1115 1227 1144 et
1241 1108 1478 1157 Liviiquam

107 1158 295 1205 plurimos
318 1161 426 1197 locos
449 1172 510 1208 ap.
535 1161 730 1199 Drakenb.
755 1164 804 1200 ad
828 1163 939 1210 5,lt7,
955 1171 977 1203 5
1003 1168 1091 1204 coll.
1109 1173 1178 1210 8,..
1160 1172 1216 1209 08,
1231 1172 1268 1204 2.
1301 1166 1345 1213 b)
1371 1165 1476 1215 jun-

107 1214 236 1266 gitur
267 1218 533 1266 particulis
563 1232 659 1256 non
683 1224 843 1259 solnm
869 1224 1303 1270 demonstrativis,
1328 1231 1379 1262 ut
1402 1237 1479 1262 ce-

104 1281 323 1313 tororum
351 1289 454 1315 mos
484 1285 573 1323 est,
600 1280 682 1316 sed
707 1281 861 1318 etiam
884 1284 1214 1333 copulaturus
1263 1284 1414 1329 Hist.3‚
1431 1290 1479 1322 10

106 1334 172 1370 ubi
201 1336 424 1373 crudescere
447 1339 577 1373 seditio
602 1345 636 1373 et
666 1339 721 1375 ad
744 1353 885 1376 manus
917 1342 1148 1387 transibant,
1181 1343 1287 1387 injici
1317 1351 1477 1379 catenas

106 1393 296 1431 Flaviano
317 1395 446 1440 juben
479 1403 603 1443 cap-31
631 1410 741 1443 mom,
778 1406 820 1434 ut
843 1401 1021 1446 praeberi
1053 1414 1121 1437 ora
1157 1404 1408 1446 contumeliis,
1442 1409 1477 1438 et

51 1480 55 1483 .
105 1444 229 1501 posita
253 1456 356 1489 omni
379 1454 535 1501 ferocia
560 1463 701 1491 cuncta
724 1458 819 1492 victi
841 1459 1099 1506 patiebantur,
1136 1460 1237 1495 subit
1262 1461 1475 1498 recordatio

107 1519 200 1553 cet.,·
237 1510 274 1556 lt,
293 1518 338 1550 80
369 1513 470 1548 unde
496 1514 703 1559 paullatim
737 1516 855 1551 levior
885 1519 1072 1566 viliorque
1102 1519 1256 1563 haberi,
1281 1524 1476 1556 *manente

104 1578 234 1607 tamen
258 1572 299 1607 in
324 1574 485 1619 speciem
512 1574 683 1608 amicitia
692 1590 706 1618 ,-
739 1568 918 1620 Ann.12,
935 1581 979 1615 51
1014 1579 1079 1612 sed
1103 1580 1280 1621 conjunx
1306 1598 1355 1606 —-
1378 1580 1477 1618 tole-

106 1632 230 1671 ravin·
267 1637 354 1678 post
384 1650 434 1658 —
464 1629 529 1666 ubi
560 1634 667 1679 quati
696 1640 826 1669 uterus
861 1642 895 1670 et
927 1637 1076 1671 viscera
1107 1636 1330 1683 vibrantur,
1366 1650 1476 1674 orare

105 1695 199 1731 αι,-
233 1694 268 1738 3,
284 1689 332 1726 26
357 1695 398 1723 at
429 1696 632 1737 postquam
665 1694 757 1727 exui
787 1695 1020 1740 aequalitas,
1049 1702 1090 1731 et
1113 1715 1160 1722 —
1185 1698 1244 1732 vis
1275 1688 1475 1733 incedebat

103 1754 174 1783 cet.
221 1749 458 1794 Persaepe
484 1760 571 1784 cum
599 1749 850 1796 particula
886 1752 935 1787 in
959 1753 1088 1790 hunc
1118 1755 1311 1791 modum
1336 1755 1474 1791 adhi-

101 1805 247 1842 betur
277 1819 298 1842 a
323 1811 511 1850 nostro,
545 1805 616 1843 ubi
653 1820 751 1856 quae
784 1809 920 1846 eodem
951 1817 1124 1859 tempore
1158 1813 1369 1851 acciderint
1400 1827 1475 1851 ex·-

104 1865 337 1913 primuntur,
362 1865 612 1912 praecedente
637 1867 867 1917 plerumque
886 1869 987 1914 jam.
1012 1872 1120 1908 Ann.
1134 1877 1229 1916 2‚31
1255 1873 1474 1938 strepebant

103 1926 217 1959 etiam
243 1925 286 1959 in
315 1923 498 1960 vestibulo
525 1944 574 1951 —-
598 1936 687 1960 cum
719 1925 813 1962 Libo
839 1947 886 1954 —
892 1941 1069 1974 vocar,·e
1102 1942 1164 1979 cp.
1179 1929 1228 1970 40
1254 1932 1340 1976 jam
1376 1935 1472 1969 cele-

102 1981 271 2018 brabant
294 2003 342 2010 --
366 1994 455 2018 cum
479 1974 672 2019 Tiberium
698 1997 842 2033 anceps
866 1998 961 2023 cura
988 1989 1218 2034 distrahere;
1247 1997 1304 2036 11,
1317 1990 1365 2030 34
1386 2005 1472 2036 lam

102 2047 184 2076 erat
208 2042 250 2076 in
274 2036 459 2088 adspectu
487 2061 536 2068 -
560 2053 648 2077 cum
675 2043 883 2092 obstrepere
907 2056 1131 2093 accusator5
1157 2050 1254 2086 Hist.
1267 2057 1303 2097 3,
1317 2057 1362 2090 31
1384 2064 1470 2096 Jam

101 2100 264 2147 legiones
286 2098 604 2147 glomerabantur
625 2124 674 2130 —
699 2115 787 2139 cum
821 2106 1065 2167 languescere
1088 2110 1295 2155 paullatim
1324 2113 1470 2147 Vitelli-

101 2171 264 2195 anorum
305 2161 449 2204 animi‚·
486 2160 595 2195 Ann.
614 2158 649 2203 4,
672 2166 719 2200 50
752 2169 787 2198 et
828 2151 1033 2213 ingyruebat
1065 2179 1148 2203 nox
1180 2169 1308 2205 nimbo
1341 2178 1470 2218 atr-or,

101 2219 293 2266 hostisque
323 2238 372 2245 —-
408 2220 503 2257 incer
505 2226 572 2254 tos
606 2221 811 2256 obsessores
844 2222 970 2268 effecei
972 2233 1040 2271 at
1075 2238 1164 2263 cum
1196 2229 1361 2265 Sabinus
1393 2232 1473 2266 cir-

103 2279 259 2321 cumire,
297 2277 442 2312 hortari
483 2284 555 2316 cet.
545 2292 579 2320 .‚·
615 2280 650 2323 6,
663 2278 712 2318 44
747 2293 904 2329 Jamque
940 2285 1063 2320 multa
1099 2298 1222 2322 manu
1256 2291 1472 2336 propinqua

101 2337 291 2372 Seleuciae
314 2335 563 2381 adventabat,
599 2349 686 2374 cum
717 2341 907 2376 Tiridates
929 2363 977 2370 —
1003 2343 1171 2382 distrahi.
1194 2347 1375 2392 consiliis,
1401 2349 1472 2383 iret

104 2400 237 2428 contra
262 2407 316 2429 an
341 2393 478 2429 bellum
505 2399 744 2433 cunctatione
778 2406 975 2437 tractat-‚et
1022 2403 1140 2450 Apud
1176 2410 1321 2440 ceteros
1353 2404 1472 2451 hujus

103 2462 196 2487 usus
220 2459 367 2499 praeter
391 2452 477 2488 Liv
490 2458 524 2499 2,
539 2458 608 2498 ..7
634 2454 669 2499 4,
685 2462 751 2502 513
784 2459 817 2502 6,
833 2462 879 2498 27
906 2466 943 2495 et
968 2462 1059 2496 Sall.
1086 2464 1173 2511 Jug.
1186 2468 1234 2504 98
1260 2463 1331 2499 vix
1356 2464 1425 2499 im·
1428 2478 1470 2500 e-

105 2508 209 2544 neris
234 2512 424 2558 exempla.
475 2511 611 2548 Livius
645 2514 688 2550 in
720 2516 795 2551 hoc
829 2517 984 2552 dicendi
1018 2530 1153 2567 genere
1186 2522 1321 2556 eodem
1352 2523 1470 2558 modo

105 2565 227 2601 utitur
251 2567 353 2603 haud
378 2582 464 2605 raro
491 2578 686 2617 praesente
713 2574 814 2617 hist„
842 2576 968 2622 perte(
972 2582 1008 2610 to
1033 2583 1069 2612 et
1094 2580 1469 2628 plusquamperfecto

105 2624 329 2670 indicativi3
373 2627 638 2675 imperfectum
683 2631 762 2668 ind.
799 2632 972 2681 jungitur
1004 2634 1118 2670 etiam
1153 2649 1172 2670 a
1203 2637 1282 2673 Cic.
1314 2645 1350 2674 et
1382 2640 1469 2676 aliis

104 2695 190 2718 cum
219 2684 439 2732 particulae,
474 2687 541 2724 ubi
567 2678 670 2725 ide'm
704 2697 758 2727 est
793 2692 896 2740 quod
923 2691 1028 2728 dum.
1079 2693 1265 2732 Similiter
1299 2698 1468 2734 Tacitus
