1702 2982
539 188 820 259 Quamquam
844 221 900 227 -
932 180 1057 253 Queo
1400 186 1485 244 395

131 315 332 357 quaestum
356 319 483 357 magn.
515 306 630 343 habet
660 307 898 351 Ann.12,63
925 306 1026 343 unde
1054 291 1176 355 primo
1210 313 1428 358 quaestuosi
1454 318 1489 347 et

132 365 469 414 opulenti313,35
500 368 637 403 milites
663 386 709 395 —
735 367 815 401 sine
843 354 985 412 galeis,
1019 368 1100 402 sine
1134 369 1271 413 loricis,
1308 371 1419 406 nitidi
1454 377 1489 406 et

131 426 375 475 quaestuosi,
402 425 539 461 militia
569 439 640 474 per
675 425 815 474 oppida
848 424 1017 473 eoepletct.
1074 425 1131 463 Cf.
1168 427 1271 464 curt.
1298 426 1342 473 4,
1373 433 1414 475 7,
1444 434 1489 471 19

127 496 222 534 gens
246 485 485 532 navigiorum
510 487 642 533 spoliis
666 491 903 532 quaestuosa.

222 543 518 590 QUAMQUAM
541 542 714 580 absolute
738 554 869 591 usurp.
896 540 988 590 (u'nb
1013 541 1113 589 body)
1140 544 1266 579 Germ.
1283 549 1326 582 18
1344 549 1489 590 Quam-

130 613 246 649 quam
278 613 408 637 severa
443 603 522 639 illic
556 604 800 639 matrimonia
838 602 946 647 (vide
980 600 1036 637 ibi
1069 604 1253 648 Passow„
1289 602 1357 651 qui
1391 611 1492 640 recte

129 659 210 695 h.1.
237 659 494 707 interpunxit,
528 662 594 697 sed
619 661 716 698 salso
743 662 790 697 ad
817 661 922 697 hunc
947 660 1154 709 particulae
1183 672 1295 697 usum
1322 661 1492 708 proban-

129 717 222 754 dum
249 719 376 754 attulit
400 720 553 764 Ann.2,
571 726 604 759 1.
619 718 703 766 34);
728 720 776 756 cf.
805 720 882 757 Cic.
902 719 1011 757 Catil.
1025 723 1096 763 1,9
1123 723 1364 767 Quamquam
1391 723 1483 768 quid

131 774 290 826 loauor?
316 784 353 814 et
378 790 612 827 quamquam
635 779 730 826 quid·
750 791 816 827 ego
834 786 869 815 te
883 780 1065 814 invitem?
1092 779 1193 813 Fam.
1209 784 1265 824 15,
1283 780 1328 821 16
1346 791 1487 827 quam-

129 834 245 885 quam
272 838 424 884 quicum
451 838 614 886 loquor?
639 838 686 873 de
715 849 797 874 sen.
814 842 858 879 19
882 837 945 873 ille
968 838 1050 874 vult
1076 837 1145 872 diu
1169 839 1307 882 vivere,
1334 839 1400 875 hic
1425 840 1491 874 diu

127 897 241 933 vixit.
294 899 548 943 Quamquam,
574 910 595 932 ο
624 897 679 933 dii
703 897 818 932 bani!
843 896 938 944 quid
963 903 1017 931 est
1041 897 1082 931 in
1106 896 1272 932 hominis
1296 900 1376 933 vita
1405 898 1489 948 diu?

127 953 215 991 Liv
229 959 264 998 3,
281 960 324 992 11
355 959 597 1003 Quamquam
616 956 725 1004 quid
758 967 825 1003 ego
859 955 977 1003 legem
1012 955 1170 1001 loquor?
1204 955 1389 992 Similiter
1421 950 1491 992 etsi

127 1020 335 1061 usurpatur
365 1025 387 1049 a
424 1013 668 1063 quibusdam.
724 1015 776 1050 V.
809 1014 975 1050 Tursell.
1025 1011 1083 1049 De
1114 1012 1365 1059 conjunctivo
1401 1015 1492 1051 huic

129 1072 340 1119 particulae
363 1070 496 1116 iuncto
519 1085 560 1109 v.
587 1073 627 1108 in
655 1074 747 1109 hoc
752 1072 882 1108 modo.

223 1132 430 1180 QUANDO
454 1143 493 1167 v.
520 1130 562 1166 in
587 1130 938 1177 conjunctivo.

151 1200 157 1203 ·
223 1189 589 1236 ΟΠΑΝΠΟΟΠΕ-ἱ.
626 1203 663 1239 q.
698 1191 880 1234 simulac,
917 1190 1073 1239 quando
1106 1189 1227 1236 (Cia,
1263 1193 1406 1237 Horat.,
1441 1195 1491 1230 al.

128 1246 229 1284 Vide
261 1249 342 1285 ind.
369 1248 409 1284 in
441 1248 526 1284 Liv.
560 1248 771 1296 Drakenb.)
801 1249 908 1300 Ann.
927 1249 996 1291 1,6
1029 1250 1153 1295 patris
1182 1248 1293 1293 jussa
1327 1253 1489 1287 simula..

129 1305 194 1342 hat
219 1327 266 1334 —
287 1321 346 1359 ne
379 1314 623 1343 cunctaretur
655 1310 870 1356 Agrippam
908 1314 1028 1343 morte
1059 1306 1229 1350 adficere
1261 1311 1490 1358 quandoque

107 1366 208 1413 'ipse
245 1378 463 1414 supremum
508 1367 606 1402 dlem
645 1369 882 1414 captetis-set.
934 1369 1050 1402 Valet
1085 1367 1242 1415 quidem
1276 1367 1377 1404 idem
1416 1370 1492 1405 fere

128 1423 232 1472 quod
258 1425 574 1484 quandocunque,
601 1426 665 1462 sed
693 1437 894 1474 perperam
921 1426 994 1460 hoc
1021 1437 1042 1460 a
1067 1425 1255 1461 Beroaldo
1282 1434 1492 1494 receptum.

129 1481 186 1519 cf.
214 1482 431 1519 interim.

223 1542 539 1587 QUANTULUM
571 1541 787 1589 Ann.3,54
828 1539 1056 1590 quantulum
1091 1544 1195 1580 istud
1227 1551 1299 1588 est,
1340 1545 1388 1581 de
1419 1557 1491 1593 quo

129 1599 289 1634 aediles*
307 1600 536 1643 admonent;
571 1603 698 1638 Germ.
713 1607 758 1640 28
797 1603 1029 1647 Quantulum
1063 1605 1160 1638 enim
1198 1592 1326 1639 amnis
1362 1605 1491 1640 obsta-

130 1657 208 1701 bat,
241 1669 316 1705 quo
349 1661 494 1703 minus,
530 1668 572 1694 ut
610 1672 777 1709 quaeque
807 1673 902 1709 gens
934 1663 1139 1706 coaluerat,
1175 1671 1375 1709 occuparet
1403 1677 1493 1711 per·

130 1723 363 1764 mutaretque
386 1718 493 1753 sedes
517 1722 758 1766 promiscuas
784 1721 938 1757 adhuc?
984 1722 1038 1755 Ita
1065 1720 1195 1757 Cicero
1221 1727 1257 1756 et
1284 1722 1350 1757 alii
1375 1735 1490 1775 quam

95 1774 104 1779 ”
130 1775 286 1822 plurimi
313 1778 540 1825 loquuntur.
589 1779 690 1814 Vide
717 1780 875 1814 Forcen.
903 1785 939 1814 et
965 1779 1172 1815 Tur-sellia.

226 1835 476 1880 QUANTUM
502 1848 539 1872 v.
558 1836 609 1885 ιἰιι
635 1837 955 1880 conjunctivo
982 1849 1044 1872 no.
1061 1836 1094 1875 4.
1111 1838 1147 1872 d.
1447 1885 1462 1890 ν

227 1894 502 1939 QUAT-ENUS·
517 1897 787 1942 praeeuntibus
811 1896 970 1932 Horatio
998 1892 1218 1944 Ovidioque
1242 1897 1358 1933 etiam
1383 1910 1492 1934 cau-

132 1963 230 1987 sam
257 1952 439 1999 exprimit
465 1959 597 2002 estque
631 1954 733 1990 idem
767 1955 843 1991 fere
874 1955 978 2004 quod
1015 1957 1208 2002 quoniam,
1246 1958 1493 2005 quandoqui-

133 2010 232 2055 dem,
274 2023 336 2059 ap.
371 2011 544 2047 Tacitum
579 2013 737 2063 (sisque
768 2016 948 2062 aequales
983 2014 1135 2059 Ana-3,
1153 2015 1196 2050 16
1235 2024 1419 2061 quatenus
1446 2038 1492 2043 —

133 2072 380 2121 innocentiae*
398 2083 503 2106 meae
527 2084 719 2119 nusquam
749 2074 854 2108 locus
887 2080 962 2113 εει,-
993 2073 1131 2111 Dial.5
1167 2082 1352 2120 quatenus
1385 2077 1492 2112 arbi-

131 2135 232 2164 trum
259 2131 332 2165 litis
358 2130 470 2173 hujus
498 2132 646 2172 inveni‚·
671 2138 708 2168 et
732 2131 866 2167 eadem
894 2131 991 2180 sign.
1010 2139 1218 2178 usurpatur
1236 2134 1336 2169 Livii
1359 2148 1493 2171 exem-

132 2189 198 2236 plo
229 2195 318 2236 qua
345 2189 447 2224 Ann.
462 2189 495 2232 6,
512 2195 556 2227 10
584 2201 657 2235 qua
689 2191 939 2238 occupandae
964 2193 1057 2239 reip.
1084 2193 1198 2239 argui
1215 2205 1291 2228 non
1303 2201 1492 2240 poterant,

135 2246 180 2281 ob
206 2248 390 2282 lacrimas
415 2248 702 2284 incuss-cibantur.
729 2270 776 2285 —.

230 2306 459 2352 QUATERE
495 2306 519 2343 i.
548 2319 585 2355 q.
613 2314 826 2352 concutere,
853 2320 995 2344 vexare
1022 2308 1160 2358 (Virg.,
1197 2311 1284 2345 Sen.
1319 2312 1490 2358 Thyest„

137 2362 484 2410 6ε11.),Ηὶεῐ-ἱι,28
519 2367 635 2401 aliam
674 2379 834 2403 manum
860 2371 1012 2403 Mosam
1050 2381 1198 2403 amnem
1233 2372 1398 2405 transire
1428 2373 1489 2414 ju-

137 2419 207 2464 bet,
243 2429 281 2457 ut
308 2425 509 2470 Menapios
542 2432 574 2459 et
600 2427 772 2460 Morinos
798 2433 831 2460 et
857 2433 1029 2461 extrema
1061 2430 1274 2463 Galliarum
1303 2438 1493 2475 quateret,-

141 2485 172 2516 1.
189 2484 234 2517 53
265 2483 503 2528 quatiebatur
527 2485 585 2518 his
610 2497 723 2531 segne
747 2487 955 2532 ingenium,
991 2493 1030 2521 ut
1060 2490 1339 2534 concupisceret
1366 2491 1492 2536 magis

138 2549 254 2584 quam
279 2547 318 2574 ut
345 2550 522 2585 speraret.

235 2599 331 2642 QUE
357 2611 394 2633 v.
427 2600 467 2635 in
492 2609 546 2636 et.

232 2657 375 2701 QUEO,
403 2660 598 2705 NEQUEO
624 2673 684 2707 ap.
711 2662 814 2707 Sall„
842 2661 923 2698 Liv.
956 2668 993 2697 et
1027 2663 1195 2698 maxime
1221 2675 1283 2710 ap.
1315 2663 1493 2700 Tacitum

137 2714 366 2751 creberrimo
391 2724 480 2752 sunt
509 2717 548 2752 in
582 2730 666 2755 usu.
716 2722 865 2755 Praeter
897 2721 1044 2756 notiora
1081 2721 1144 2756 illa
1181 2728 1347 2770 queunt,
1367 2730 1490 2770 queat,
