1702 2982
712 204 941 253 Vexillarii
1355 269 1358 272 Α
1422 215 1506 260 491

141 312 275 364 plures
297 324 417 354 erant,
439 319 481 355 in
505 320 643 355 castris
675 331 721 355 ex
752 320 962 369 legionibus
993 325 1101 371 aegri
1132 326 1277 374 relicti„
1297 340 1343 363 ex
1373 328 1509 376 quibus

147 376 213 423 qui
235 376 308 412 hoc
329 378 451 425 spatio
485 377 632 414 dierum
667 381 952 425 convaluerant,
980 383 1132 419 circiter
1155 389 1310 422 trecenti
1337 388 1406 423 sub
1441 401 1509 423 ve·-

145 434 236 470 xillo
268 447 348 470 una
378 437 597 482 mittuntur,-
629 435 749 485 cp.l10
780 438 828 477 de
860 439 1000 476 iisdem
1033 454 1126 490 quos
1157 445 1227 481 sub
1262 447 1394 482 vexillo
1425 459 1506 483 una

138 490 332 540 profectos
353 493 575 540 docuimus)
610 495 781 541 Liv,8‚8
815 499 991 535 vexillum
1030 509 1182 538 centum
1215 506 1407 552 octoginta
1441 519 1507 542 sex

141 551 312 588 homines
335 560 465 598 erant5
495 554 616 590 Tacit.
642 556 746 597 Ana.
760 562 794 601 3,
809 561 853 595 21
882 559 1059 595 vexillum
1090 569 1349 598 veteranorum
1359 579 1372 608 ‚-
1404 564 1503 602 Hist.

142 615 177 654 1,
192 615 235 648 31
268 614 498 648 Germanica
523 614 662 649 vexilla
687 615 753 650 diu
776 623 956 652 nutavere
981 618 1027 665 (i.
1041 631 1073 655 e.
1098 621 1305 666 vexillarii,
1332 623 1507 660 veterani

141 669 359 707 Germanioi
385 671 586 716 exercitus,
613 673 681 723 qui
707 673 748 710 in
774 676 976 720 Germania
1011 677 1203 725 stipendia
1233 680 1417 726 fecerant3
1453 681 1503 717 cf.

140 727 247 771 Suet,
286 729 396 769 Galb.
418 736 464 768 20
495 730 629 781 ibique
654 732 991 783 Bremi.);.Agrio.
1008 742 1052 774 18
1080 742 1288 775 contractis
1313 741 1505 788 legionum

139 788 306 832 vexillis,-
348 788 504 834 Anndt,
520 793 565 831 73
610 793 747 828 vexilla
781 794 968 840 legionum
1006 807 1026 830 e
1061 799 1245 844 superiori
1281 801 1505 848 provinciaJ

137 845 237 882 Hist.
261 851 295 891 2,
318 846 366 887 24
405 851 709 887 tertiaedecimae
749 853 904 900 legionis
944 855 1120 891 vexillum
1130 869 1144 896 ,-
1182 862 1217 901 3,
1233 862 1279 894 22
1323 850 1504 906 quartam

137 903 437 944 Macedonicam
464 909 593 945 dextro
624 922 774 946 suorum
799 923 929 957 cornu,
963 915 1130 960 quintam
1163 923 1198 951 et
1231 916 1505 964 quintamdeci-

122 961 232 1000 ³mam
261 977 341 1001 cum
367 969 512 1018 vexillis
536 981 659 1004 nonae
682 969 945 1017 secundaeque
969 978 1003 1006 et
1029 974 1224 1009 vicesimae
1250 973 1520 1024 Britannicas

136 1036 219 1058 rum
243 1025 427 1074 legionum
452 1020 608 1063 mediam
633 1029 751 1063 aciem
773 1047 822 1054 —
847 1030 1058 1076 complesse,
1088 1032 1276 1082 (Singulis
1302 1032 1420 1080 igitur
1443 1035 1503 1070 le-

135 1082 316 1132 gionibus
341 1085 533 1125 vexillum
558 1084 781 1132 adjunctum
808 1089 901 1133 erat,
935 1087 1042 1138 iique
1067 1097 1174 1127 erant
1205 1091 1389 1136 veterani,
1424 1090 1504 1129 κατ’

135 1141 265 1190 ἐξυχήν
288 1142 481 1180 vexillarii
513 1141 619 1179 dicti.
669 1146 718 1182 V.
751 1145 881 1193 infra).
907 1168 954 1175 —
1003 1149 1106 1184 Ann.
1119 1154 1154 1196 2,
1170 1152 1214 1190 78
1250 1151 1421 1186 vexillum
1451 1154 1502 1187 ti..

75 1210 85 1221 ·
134 1213 288 1243 ronum5
311 1200 408 1237 Hist.
423 1206 458 1244 2,
471 1205 518 1239 -11
546 1204 706 1250 equitum
731 1207 866 1241 vexilla
876 1222 888 1250 ,·
919 1213 952 1251 1,
970 1208 1015 1246 70
1043 1210 1262 1255 praemissis
1292 1211 1497 1257 Gallorum,

133 1261 403 1299 Lusitanorum
427 1261 770 1312 Britannorumque
795 1266 1007 1301 cohortibus
1033 1273 1068 1301 et
1093 1271 1359 1304 Germanorum
1382 1270 1501 1304 vexil-

67 1316 71 1322 '
134 1319 203 1362 lis,·
242 1324 367 1366 εμπ
403 1320 540 1354 vexilla
573 1319 765 1367 inferioris
802 1325 1048 1370 Germaniae,·
1080 1327 1184 1362 Ann.
1202 1332 1258 1374 15,
1273 1328 1321 1365 26
1359 1329 1499 1364 vexilla

104 1372 107 1373 ⁷
133 1377 356 1414 delectorum
381 1390 425 1412 ex
450 1379 604 1426 Illyrico
631 1387 666 1415 et
690 1385 877 1429 Aegypto.

229 1435 552 1473 Vexillarius
579 1437 695 1486 igitur
732 1440 773 1488 1)
798 1441 1013 1490 signifer
1038 1450 1095 1480 est
1125 1443 1226 1481 Hist.
1241 1449 1276 1489 3,
1294 1447 1337 1485 17
1367 1452 1410 1481 ut
1434 1459 1499 1482 ve-

132 1494 320 1530 xillarium
337 1494 550 1542 fugientem
574 1497 688 1532 hasta
713 1500 1047 1547 transverberaret,
1082 1515 1164 1538 mox
1198 1511 1348 1550 raptum
1379 1506 1499 1541 vexil-

84 1541 90 1548 ”
132 1554 207 1590 lum
232 1554 274 1588 in
298 1553 436 1588 hostem
461 1557 594 1600 vertit;
629 1555 720 1601 1,41
755 1560 973 1595 vexillarius
1007 1564 1202 1597 comitatae
1238 1562 1400 1599 Galbam
1432 1575 1499 1600 co-

132 1611 272 1652 hortis5
306 1618 343 1647 et
377 1623 420 1647 ea
454 1613 611 1662 quidem
638 1617 718 1654 sola
751 1627 814 1664 ap.
849 1618 994 1666 priores
1031 1633 1188 1671 quoque
1221 1620 1367 1658 obtinet
1391 1622 1432 1658 h.
1457 1634 1498 1659 v.

131 1669 360 1717 significatio
386 1669 474 1714 Liv,
490 1678 523 1716 8,
541 1678 560 1710 8
589 1674 680 1710 ordo
706 1688 914 1724 sexagenos
938 1680 1083 1724 milites,
1122 1681 1217 1716 duos
1250 1683 1496 1726 centuriones,
1524 1722 1531 1727 ,

133 1729 368 1764 vexillarium
399 1743 513 1767 unum
545 1732 720 1770 habehat.
770 1737 810 1780 2)
837 1735 1023 1774 milites
1056 1738 1143 1787 qui
1182 1739 1268 1775 sub
1300 1740 1495 1776 vexillo

131 1793 246 1823 sunt
277 1787 473 1825 vexillarii
511 1790 694 1827 dicuntur
727 1792 916 1840 (primum
949 1807 1010 1843 ap,
1044 1796 1344 1845 Vellej.2,11o).
1393 1801 1497 1835 Num

129 1846 249 1896 igitur
262 1859 396 1884 omnes
411 1847 486 1892 isti,
512 1848 730 1897 legionarii,
755 1853 939 1898 veterani,
966 1853 1119 1899 tirones,
1147 1856 1354 1903 auxiliarii,
1383 1857 1497 1905 equi-

129 1911 186 1942 tes
211 1905 426 1953 promiscue
461 1908 703 1953 appellantur
735 1905 959 1949 vexillarii?
1007 1913 1190 1950 Minime!
1223 1927 1352 1965 neque
1383 1915 1497 1952 etiam

130 1975 285 2001 neeesse
309 1971 376 2010 est,
404 1967 653 2013 quantumvis
678 1969 789 2018 sequi
813 1966 991 2008 videatur
1015 1983 1066 2007 ex
1092 1972 1141 2009 iis
1163 1986 1261 2023 quae
1281 1975 1327 2010 de
1344 1974 1494 2012 vexillo

132 2022 235 2058 dicta
260 2030 372 2069 sunt;
402 2035 492 2059 nam
517 2025 560 2061 in
585 2025 647 2062 his
675 2027 833 2075 quidem
857 2029 972 2067 rebus
998 2037 1102 2068 solus
1127 2039 1232 2070 valet
1255 2045 1359 2070 usus.
1407 2035 1495 2068 Hu-

130 2078 192 2128 jus
227 2093 319 2118 vero
351 2080 509 2119 arbitrio
544 2084 592 2120 ad
622 2084 879 2134 singulare
919 2089 1139 2126 militum
1172 2104 1328 2140 genus
1362 2092 1496 2140 expri-

130 2141 320 2176 mendum
344 2141 506 2177 refertur
530 2142 628 2179 haec
661 2145 770 2182 vocis
802 2145 1041 2194 significatio.
1093 2151 1236 2187 Omnes
1269 2151 1303 2188 si
1336 2163 1495 2198 compa-

129 2199 274 2235 raveris
313 2201 419 2236 locos
459 2199 527 2235 ubi
552 2197 755 2242 'vexillarii
790 2211 828 2241 et
859 2207 1003 2243 vexilla
1036 2209 1235 2257 legionum
1269 2215 1326 2256 (v.
1359 2212 1493 2257 supra)

129 2265 490 2305 commemorantur,
516 2267 774 2299 veteranos
799 2263 1072 2315 intelligendos
1097 2280 1178 2304 esse
1203 2267 1390 2314 invenies,
1424 2268 1494 2316 qui

129 2314 178 2350 ab
206 2317 383 2365 Augusti,
418 2324 462 2353 ut
496 2318 661 2366 videtur,
696 2323 946 2370 temporibus,
977 2325 1163 2362 vicesimo
1199 2326 1360 2365 militiae
1390 2338 1495 2362 anno

130 2375 370 2411 exauctorati
395 2388 518 2425 usque
544 2378 592 2413 ad
617 2378 756 2425 justam
782 2381 1007 2419 missionem
1039 2385 1098 2432 (v.
1124 2398 1156 2422 s.
1182 2386 1221 2423 h.
1250 2388 1364 2431 voce)
1391 2391 1495 2420 cete-

65 2425 69 2450 ³
130 2432 184 2469 ris
210 2434 388 2471 omnibus
414 2437 582 2472 exsoluti
609 2439 833 2477 muneribus
858 2442 929 2478 sub
950 2443 1099 2480 vexillo
1112 2443 1352 2479 habebantur
1365 2444 1491 2490 (Ann.

133 2498 167 2538 1,
182 2493 229 2529 26
252 2499 298 2528 ne
323 2497 490 2529 veterani
515 2495 585 2530 sub
613 2499 744 2533 vexillo
770 2499 1020 2544 haberentur;
1045 2515 1106 2550 cp.
1121 2508 1164 2543 17
1187 2503 1296 2550 apud
1321 2504 1494 2538 vexillum

131 2553 284 2596 retenti)
311 2558 355 2587 ut
380 2551 416 2588 et
441 2553 683 2600 gravioribus
709 2559 850 2604 pugnis
883 2559 1109 2597 interessent
1141 2568 1179 2597 et
1202 2561 1301 2596 inter
1325 2561 1494 2598 auxilia-

129 2620 190 2645 res
215 2609 346 2657 copias
371 2608 489 2647 robur
513 2613 625 2660 quasi
650 2616 840 2659 exercitus
874 2618 1081 2656 efficientes
1113 2619 1209 2656 fines
1240 2619 1395 2667 imperii
1428 2627 1496 2655 tu-

130 2673 300 2705 tarentur
324 2669 621 2722 provinciasque
653 2685 784 2715 recens
816 2675 1004 2725 subjectas
1039 2678 1203 2728 ideoque
1236 2677 1368 2716 minus
1398 2677 1494 2715 fidas
