1702 2982
227 233 408 285 XXXVIII
709 207 1087 284 Prolegomena

228 343 378 389 tacitus
409 357 717 404 nonnunquam·
744 340 917 403 respicit
949 339 1035 398 (cf.
1056 340 1171 385 Ann.
1200 350 1252 397 14,
1283 347 1367 392 ³2)
1410 349 1500 385 tum
1528 354 1579 386 ex

162 424 169 437 ¹
229 413 433 460 a'cerrimo
465 411 746 474 continuoque
777 413 868 474 ejus
902 412 1039 457 studio
1071 411 1238 458 dicendi
1269 411 1480 473 quaedam
1505 427 1576 471 ge-
1611 432 1625 449 ι

228 478 332 531 nera
354 482 590 554 adsumpsit
615 483 668 528 ab
686 500 735 528 eo
751 483 1042 545 frequentata,
1058 493 1104 527 ut
1123 481 1277 538 „haec
1293 480 1582 542 atque'talia,

231 572 324 601 non
359 557 476 602 alibi
506 557 678 617 magis,
722 571 814 601 non
846 554 966 598 alias
1008 553 1176 614 magis,
1230 568 1378 598 annus
1425 552 1588 598 habuit

232 627 487 673 consules“
522 638 564 674 et
603 629 694 689 ejus
732 624 898 687 generis
940 625 1079 688 plura.
1141 620 1238 669 Nec
1277 623 1449 680 mirum,
1487 641 1582 670 cum

235 697 522 757 Quintilianus
559 709 600 744 et
636 697 803 742 Plinius
849 699 967 740 natu*
994 696 1156 751 minor,
1202 710 1380 756 quorum
1421 694 1583 756 judicio

231 767 409 814 multum
438 770 603 816 videtur
633 769 828 814 tribuisse
861 766 1054 822 TacituS,
1086 764 1407 828 summadaude
1436 781 1584 828 prose-

234 839 317 884 cuti
347 839 432 885 sint
461 839 854 902 eloquentissimum
883 855 1025 886 rerum
1045 836 1341 891 Romanarum
1361 845 1586 886 auctorem,

236 908 307 955 Cf.
338 921 505 973 praeter
534 910 673 956 locum
705 926 835 973 supra
862 910 953 970 jam
985 907 1204 953 laudatum
1237 905 1420 967 Quintil.
1445 915 1512 964 10,
1547 919 1586 964 1,

240 989 342 1026 101:
372 998 551 1043 „neque
580 982 842 1042 indignetur
880 980 973 1025 sibi
996 979 1267 1024 Herodotus
1299 978 1498 1038 aequari
1516 979 1588 1024 Ti-

238 1058 331 1095 tum
360 1052 557 1107 Livium,
598 1068 701 1096 cum
739 1051 788 1095 in
825 1050 1067 1097 narrando
1107 1049 1255 1094 mirae
1283 1048 1589 1109 jucunditatis
1624 1084 1627 1090 .

240 1122 576 1184 clarissimique
607 1122 846 1177 candoris,
889 1129 987 1166 tum
1023 1122 1071 1166 in
1110 1119 1404 1165 concionibus
1442 1136 1591 1182 sapsa
1642 1150 1645 1154 Δ

184 1184 193 1197 x
237 1208 377 1253 quam
407 1193 622 1239 enarrari
641 1200 803 1253 potest
835 1193 1127 1254 eloquentem.
1187 1189 1267 1235 Ita
1296 1205 1416 1251 quae
1435 1191 1589 1236 dicun-

240 1271 318 1308 tur
349 1264 503 1316 omnia
542 1269 660 1309 cumu
681 1263 814 1308 rebus
851 1270 949 1307 tum
977 1262 1195 1323 personis
1237 1262 1592 1307 accommo‘data

238 1341 370 1379 sunt.-
401 1335 605 1396 affectus
638 1335 830 1396 quidem,
857 1335 1116 1395 praecipue
1148 1348 1228 1377 eos
1261 1332 1344 1393 qui
1367 1339 1477 1376 sunt
1494 1333 1590 1377 dul-

242 1405 425 1461 ciore&
469 1412 520 1449 ut
557 1405 838 1464 parcissime
870 1406 1041 1460 dicam,
1088 1419 1220 1448 nemo
1267 1402 1592 1449 historicorum

238 1472 577 1520 'commendavit
607 1476 816 1536 magis;“
844 1475 960 1520 Plin.
992 1474 1077 1536 Ep.
1101 1484 1141 1530 2,
1174 1478 1225 1519 3:
1257 1473 1595 1534 „Nunquamne

243 1544 405 1605 legisti,
443 1539 728 1592 Gaditanum
757 1547 985 1607 quendam
1019 1546 1114 1590 Titi
1136 1544 1259 1590 Livii
1283 1543 1464 1588 nomine
1494 1545 1592 1607 glo-

241 1615 403 1675 riaque
433 1621 710 1661 commotum
741 1617 808 1661 ad
838 1612 1070 1661 visendum
1100 1631 1204 1659 eum
1236 1615 1296 1659 ab
1331 1614 1486 1660 ultimo
1510 1623 1591 1660 ter-

241 1702 391 1730 rarum
421 1687 527 1732 orbe
560 1689 748 1743 venisse,
781 1687 1030 1748 statimque
1063 1693 1114 1730 ut
1147 1684 1326 1730 viderat
1353 1686 1594 1733 abiisse?“

242 1755 330 1818 Ep.
367 1756 415 1812 6,
455 1763 514 1802 20
550 1759 704 1804 Posco
747 1759 913 1803 librum
961 1757 1056 1802 Titi
1085 1756 1224 1812 Livii,
1269 1763 1316 1800 et
1347 1758 1486 1818 quasi
1505 1774 1595 1819 per

244 1828 388 1872 otium
425 1830 550 1888 lego,
592 1835 732 1890 atque
773 1829 911 1872 etiam
951 1835 1002 1871 ut
1051 1840 1297 1886 coeperam
1339 1826 1593 1888 excerpo-‘⁶

243 1895 399 1960 Neque
430 1909 494 1944 est
525 1900 639 1960 quod
671 1899 906 1944 dubitemus
939 1909 1130 1942 nostrum
1151 1897 1306 1942 eadem
1321 1896 1591 1955 factitavisse,

243 1978 285 2013 et
322 1970 484 2029 majore
521 1969 648 2013 etiam
686 1970 846 2025 studio,
889 1971 1051 2028 majore
1085 1967 1312 2028 diligentia.
1373 1968 1434 2013 Et
1464 1969 1508 2014 in
1539 1987 1590 2015 eo

246 2055 411 2101 quoque
443 2049 609 2084 secutus
644 2050 709 2083 est
738 2039 852 2083 Livii
883 2039 1064 2083 maxime
1097 2037 1356 2100 exemplum,
1399 2040 1514 2100 quod
1545 2058 1595 2087 ex

246 2109 417 2171 optimis
451 2109 515 2154 sui
544 2109 839 2172 praeteritique
880 2109 973 2155 aevi
1004 2108 1155 2171 poetiS,
1187 2119 1229 2152 et
1259 2110 1437 2154 oratoris
1470 2121 1512 2156 et
1530 2110 1593 2156 hi-

247 2179 392 2225 storici
424 2178 577 2236 officio,
608 2191 654 2224 ut
683 2191 771 2225 tum
794 2181 961 2242 quidem
983 2179 1238 2224 eruditorum
1261 2189 1350 2224 erat
1377 2181 1594 2241 judicium,

212 2304 220 2306 s
247 2249 557 2307 satisfacturus,
589 2267 677 2295 non
710 2261 957 2296 ornamenta
990 2251 1198 2312 quaedam
1230 2251 1421 2312 quaesito
1453 2254 1594 2298 arces-

247 2321 344 2366 sivit
383 2321 544 2378 studio,
582 2322 660 2366 sed
691 2322 837 2366 crebro
869 2321 1099 2366 lectitando
1130 2338 1276 2366 versus
1309 2338 1467 2379 eorum,
1498 2342 1594 2370 cum

248 2409 299 2437 ex
335 2391 387 2436 iis
418 2388 582 2455 'sponte
627 2408 703 2437 sua
742 2391 1028 2454 pulcherrima
1074 2409 1264 2454 quaeque
1313 2394 1595 2455 sequerentur,

248 2462 347 2521 stilo
379 2478 455 2506 suo
487 2462 610 2508 decus
641 2462 849 2508 adstruxit
877 2461 988 2507 haud
1020 2463 1387 2509 contemnendum.
1414 2475 1416 2477 “
1447 2465 1596 2521 „Exi-

246 2533 368 2593 gitur
398 2533 516 2582 enim
534 2536 680 2597 jam“
722 2549 772 2578 ea
808 2532 941 2594 ipsius
978 2543 1076 2578 sunt
1112 2534 1242 2579 verba
1278 2550 1301 2578 e
1341 2533 1512 2596 dialogo
1544 2536 1595 2581 de

249 2603 485 2649 oratoribus
517 2602 585 2667 cpss
614 2610 673 2649 20
704 2605 967 2666 deprompta,
998 2605 1248 2666 „exigitur
1271 2604 1391 2650 enim
1411 2601 1594 2651 ab‘ora-

250 2682 347 2720 tore
386 2675 526 2720 etiam
556 2675 770 2735 poeticus
803 2675 953 2730 decor,
998 2691 1090 2720 non
1127 2674 1250 2719 Attii
1282 2683 1367 2720 aut
1401 2676 1603 2724 Pacuvii
1640 2683 1642 2686 ’

173 2766 185 2772 f
252 2752 436 2792 veterno
477 2746 767 2808 inquinatus,
802 2745 898 2791 -sed
931 2759 1008 2790 esc*
1033 2744 1224 2792 Horatii
1254 2753 1301 2791 et
1334 2746 1514 2807 Wrguii
1549 2754 1597 2792 et
