1702 2982
259 219 344 265 106
595 214 838 276 Congruere
867 240 925 263 -e
956 213 1259 276 Conjuncdvus

218 333 222 337 ’
255 343 396 368 cusans
416 331 580 378 Augusti
603 329 892 377 congiariorum,
917 339 1015 376 quae
1045 328 1179 365 amicis
1210 326 1418 380 dabantur,
1449 328 1617 379 exigui-

253 398 386 436 tatem,
412 388 623 428 heminaria
645 401 724 424 esse
754 387 868 424 dixit.
892 401 984 425 nam
1016 388 1251 435 congiarium
1283 398 1480 425 commune
1501 386 1601 423 libe-

254 450 419 486 ralitatis
449 455 564 496 atque
593 446 813 491 mensurae,-
851 458 898 482 ea
928 458 1109 483 mensura
1142 445 1259 483 ducta
1290 447 1332 483 in
1367 445 1602 489 minutionem

255 520 399 544 rerum.
650 551 652 553 Ι
827 495 831 507 ’
1318 503 1328 511 ’
1505 491 1515 501 “
1571 515 1573 517 ’

351 566 638 603 CONGRUERE
670 567 779 601 Festo
803 569 956 600 auctore
979 575 1005 600 a
1025 563 1198 612 gruibus,
1233 574 1332 612 quae
1356 574 1402 603 ,se
1430 575 1509 600 non
1542 574 1603 599 se-

252 631 433 674 gregant,
466 627 544 660 sive
575 638 661 661 cum
691 625 842 667 volant,
884 624 963 658 sive
993 635 1080 659 cum
1111 629 1332 670 pascuntur.
1384 621 1604 659 Derivanda

253 684 382 732 p‘otius
415 689 471 719 est
494 695 576 720 vox
606 695 630 719 a
653 694 742 719 con
773 688 810 732 et
841 693 997 726 ruere,
1033 688 1076 717 ut
1107 682 1177 728 ap.'
1205 682 1367 718 Graecos
1396 682 1604 728 συντρέχειν

253 750 291 779 et
315 745 557 790 συνέρχεσθαι
583 754 785 788 congruere
808 738 1033 789 significant.
1084 740 1230 776 constr.
1256 750 1319 787 ap.
1343 736 1490 786 priores
1513 746 1605 774 cum

253 801 395 846 dativo,
423 800 572 845 inter,
598 809 724 846 cum,
758 798 825 844 in,
850 799 905 834 ad
933 797 1141 845 particulis,
1166 796 1232 834 sed
1255 797 1384 833 minus
1408 807 1534 843 saepe,
1559 801 1605 831 ut

251 860 423 904 videtur,
456 870 574 908 quam
605 870 628 894 a
650 857 785 894 Tacito
814 863 1034 904 usurpatur,
1068 856 1292 893 Ciceronem
1323 854 1358 892 si
1387 851 1604 902 exceperis:

254 921 357 955 Ann.
371 919 405 962 6,
419 923 466 955 22
482 917 618 963 fatum
645 916 793 964 quidem
820 927 1024 963 congruere
1047 914 1176 958 rebus,·
1210 918 1302 958 13,1
1329 911 1439 962 cujus
1461 911 1605 948 abditis

254 977 385 1013 adhuc
408 978 510 1012 vitiis
533 995 578 1002 —-
604 977 700 1010 mire
725 973 954 1021 congruebat
962 988 976 1017 ,·
1005 973 1098 1015 12,6
1121 979 1157 1008 et
1181 983 1388 1020 congruere
1411 977 1512 1006 artes
1535 970 1604 1006 '102-

253 1042 381 1072 nestas
386 1049 401 1076 3
422 1054 471 1061 —-
494 1033 722 1069 insolentius
747 1031 867 1068 dicta:
893 1029 1043 1075 Anu-4,
1059 1031 1082 1069 6
1106 1041 1316 1078 congruens
1341 1027 1604 1075 (conveniens,

252 1093 357 1131 haud
388 1092 617 1139 absurdum)
651 1091 897 1135 crediderim,
930 1101 1120 1126 recensere
1150 1096 1242 1140 cet-,-
1273 1088 1374 1125 Hist.
1397 1092 1479 1132 5‚-2
1511 1099 1607 1124 con-

251 1164 392 1202 gruens
414 1151 574 1195 videtur,
600 1150 806 1198 primordia
829 1149 910 1194 ejus
933 1149 1081 1196 aperire
1088 1162 1102 1192 ,·
1127 1146 1194 1192 (cf.
1216 1146 1316 1183 Plin.
1339 1147 1491 1184 Pan-38
1518 1156 1606 1181 cum
1670 1156 1674 1161 ‘

255 1212 334 1248 div.
368 1213 499 1248 Nerva
524 1211 718 1246 sanxisset
740 1229 809 1252 -,
843 1219 1053 1255 congruens
1084 1212 1167 1241 erat
1199 1207 1301 1252 cet),·
1333 1209 1368 1248 2,
1382 1201 1407 1242 4
1438 1204 1542 1240 laeta
1573 1210 1608 1240 et

255 1269 500 1317 congruentia
524 1275 640 1314 exta‚·
673 1273 706 1312 1,
721 1270 742 1309 7
765 1266 873 1315 sorte
909 1271 1155 1313 congruerat,
1187 1270 1231 1300 ut
1253 1282 1302 1291 —
1333 1261 1470 1299 caedes
1501 1274 1606 1298 nun-

253 1331 451 1365 tiarentur.
1408 1318 1414 1325 “

350 1384 667 1423 CONJECTARE
687 1383 803 1429 (Lim,
823 1384 987 1426 Terent,
1014 1379 1094 1429 alii,
1118 1379 1187 1417 sed
1208 1378 1338 1416 minus
1353 1378 1483 1426 saepe)
1503 1379 1606 1414 Arm.

257 1451 291 1490 1,
313 1449 359 1482 12
394 1444 506 1480 vultu
544 1442 787 1489 offensionem
820 1441 1119 1485 conjectaverat‚-
1157 1449 1219 1486 cp.
1239 1442 1286 1476 32
1311 1437 1380 1483 ζίἀ,
1423 1437 1609 1472 militares

255 1505 405 1539 animos
439 1503 572 1538 altius·
595 1499 920 1546 conjectantibus,
959 1499 1207 1546 praecipuum
1248 1495 1441 1532 indicium,
1474 1496 1610 1542 magni

255 1570 367 1610 atque
392 1561 652 1608 implacabilis
675 1567 822 1604 motus‚·
858 1563 914 1602 12,
932 1555 981 1599 49
1005 1569 1052 1592 ne
1077 1557 1188 1592 ceteri
1212 1567 1356 1603 quoque
1378 1566 1431 1590 ex
1454 1552 1609 1601 Peligna

253 1620 554 1664 consectarentur
579 1617 824 1666 (insolentius
852 1628 923 1664 pro
949 1615 1274 1659 dijudicarentur‚·
1296 1613 1345 1651 of.
1369 1618 1500 1648 tamen
1522 1610 1611 1648 Liv-

255 1684 291 1724 5,
305 1684 351 1717 21
391 1678 434 1715 id
473 1691 582 1713 omen
607 1678 832 1724 pertinuisse
861 1681 992 1722 postea
1027 1679 1159 1710 eventu
1199 1684 1279 1708 rem
1300 1668 1612 1716 .conjectantibus

252 1741 380 1775 visum
411 1736 466 1773 ad
500 1737 782 1772 damnationem
815 1736 932 1782 ipsius
967 1732 1132 1777 Camilli)
1143 1747 1156 1775 5
1188 1728 1244 1775 14,
1266 1734 1311 1768 51
1345 1727 1523 1767 valetudo
1557 1738 1610 1763 ex

254 1810 295 1834 eo
321 1794 620 1840 conjectabatur,
647 1793 749 1840 quod
773 1799 853 1837 σείς
880 1797 936 1836 15,
951 1797 997 1829 55
1031 1798 1156 1826 cetera
1180 1800 1275 1835 quae
1306 1787 1482 1824 audierat
1513 1797 1608 1822 con-

243 1857 543 1900 ,jectam-ratque,
571 1853 680 1889 docet
689 1867 701 1895 ‚·
737 1851 834 1886 Hist.
848 1856 882 1894 2,
896 1856 941 1892 97
968 1852 1155 1896 integrum
1180 1848 1261 1882 illic
1284 1857 1335 1882 ac
1351 1843 1610 1893 favorabilem

250 1914 564 1962 proconsulatum
610 1910 798 1955 Vitellius,
830 1909 1035 1955 famosum
1075 1908 1312 1952 invisumque
1353 1895 1612 1953 Vespasianus

257 1978 409 2019 egerat:
431 1970 588 2016 perinde
611 1970 704 2004 socii
739 1967 786 2003 de
817 1967 971 2013 irnperio
1004 1966 1196 2011 utriusque
1228 1962 1492 2008 conjectabant
1500 1976 1514 2006 ‚-
1543 1959 1614 1997 sed

256 2031 557 2078 experimentum
589 2033 723 2061 contra
744 2025 850 2072 juit5
882 2029 977 2068 3,15
1010 2022 1171 2058 Fabium
1207 2022 1404 2058 Valentem
1426 2039 1477 2049 --·
1498 2030 1613 2056 acce—

256 2092 470 2129 leraturum
496 2087 650 2132 cognita
678 2085 861 2119 Caecinae
883 2081 1092 2130 proditione
1116 2078 1365 2124 conjectabat.

357 2145 640 2184 CONJUGIUM
663 2155 703 2179 v.
730 2140 988 2178 abstracta.
1337 2139 1338 2142 ’

353 2200 758 2244 CONJUNCTIONES
782 2211 824 2236 v.
849 2209 919 2235 suo
944 2207 1136 2247 quamque
1167 2195 1255 2235 loco
1280 2199 1318 2231 et
1339 2193 1382 2230 in
1411 2191 1614 2247 conjun-

257 2273 728 2360 cuvngJUNCTlVUS
761 2315 848 2352 ideo
872 2304 1050 2350 *manime
1085 2314 1184 2361 apud
1215 2311 1395 2348 Tacitum
1425 2309 1569 2347 recedit
1590 2322 1614 2346 a

259 2381 410 2430 vulgari
435 2377 584 2415 dicendi
611 2387 759 2423 genere,
794 2374 898 2422 quod
931 2385 976 2409 eo
1009 2372 1125 2408 etiam
1154 2370 1274 2408 utitur
1311 2370 1360 2406 ad
1390 2368 1614 2407 brevitatem
1669 2420 1673 2429 .

262 2452 307 2477 ac
331 2438 552 2477 varietatem
576 2433 756 2471 orationis
781 2431 1049 2479 adjuvandam.

356 2498 395 2544 1)
421 2508 439 2532 s
451 2507 569 2532 ensu
594 2490 886 2542 praegnanti
908 2502 934 2525 u
947 2494 1183 2537 surpatur
1205 2486 1272 2531 ita,
1288 2491 1344 2523 ,ut
1366 2498 1528 2534 posse,
1553 2485 1615 2521 li-

259 2571 280 2594 c
289 2570 309 2594 e
317 2569 380 2601 re,
405 2567 432 2592 v
442 2555 538 2590 elle
548 2580 557 2598 ‚
584 2564 607 2588 o
615 2565 640 2599 p
650 2563 701 2587 us
719 2563 740 2586 e
749 2562 766 2586 s
775 2561 792 2586 s
801 2558 825 2584 θ’
842 2547 1029 2585 involvat.
1054 2549 1103 2583 V.
1116 2546 1292 2592 exempla
1305 2556 1326 2580 e
1339 2545 1534 2597 Cicerone,
1545 2543 1614 2580 Li-

259 2617 338 2660 vio,
365 2613 450 2649 aliis
465 2612 583 2660 petita
595 2623 656 2658 ap.
675 2608 897 2645 Ramshorn.
914 2618 953 2654 p.
965 2604 1037 2644 416
1054 2610 1093 2641 et
1102 2603 1258 2652 Walch.
1277 2602 1327 2638 ad
1337 2603 1466 2652 Agl-ie.
1479 2607 1610 2651 p.2.33.

260 2677 363 2711 Anu.
382 2677 416 2716 2,
433 2675 478 2708 21
503 2680 639 2719 genere
660 2677 815 2715 pugnae
839 2671 874 2701 et
898 2675 1096 2700 armorum
1119 2660 1410 2710 superabantur,
1435 2671 1525 2702 cim
1547 2661 1612 2695 in-

260 2745 356 2781 gens
380 2728 582 2768 multitudo
607 2728 704 2763 artis
728 2726 819 2762 locis
841 2724 1071 2773 praelongas
1098 2721 1232 2758 hastas
1255 2732 1335 2758 non
1358 2717 1611 2769 protenderet,
