1702 2982
683 164 899 228 Tempora
937 137 946 146 l
987 205 998 215 2
1377 163 1460 218 4'57

119 278 433 326 exstimulabant}
457 278 527 314 ubi
550 279 600 316 cf.
626 279 779 316 Walch.
814 280 1030 329 doctissima
1062 281 1193 318 adnot.
1228 283 1270 318 et
1294 281 1468 328 ejusdem

122 337 283 373 Emend.
310 337 395 374 Liv.
421 349 457 383 p.
474 341 555 375 185.

214 396 264 442 2)
295 390 577 442 Imperfecti
620 395 925 433 accuratissimus
958 404 1015 434 est
1053 410 1114 445 ap.
1146 399 1324 435 Tacitum
1357 411 1464 444 usus,

119 452 264 501 quippe
287 451 356 502 qui
380 451 524 501 ubique
549 453 622 489 hoo
646 461 820 504 tempore
844 457 980 503 (rarius
1005 457 1193 504 perfecto)
1228 465 1364 502 utatur,
1398 457 1466 494 ubi

119 509 167 544 de
190 509 314 554 rebus,
341 509 482 559 quibus
502 523 627 560 neque
649 513 731 561 ipse
751 527 880 564 neque
897 517 1073 566 aequales
1087 515 1350 561 interfuerunt,
1379 512 1469 553 sen-

87 566 94 578 *
116 560 272 603 tentiam
304 579 412 604 suam
446 572 638 617 proponit.
683 573 739 611 cf,
772 575 965 620 Ann.1‚6
996 587 1113 623 neque
1148 583 1306 611 mortem
1342 579 1469 623 nepoti

113 630 408 672 provsecuritate
430 631 598 678 privigni
629 633 790 670 inlatam
817 634 995 671 credibile
1016 641 1120 678 erat,-
1151 645 1212 681 cp.
1229 640 1275 673 53
1303 636 1469 670 litterae-

115 698 186 734 que
209 706 258 713 ·—
290 699 315 723 α
353 688 525 725 Graccho
558 693 786 736 compositae
818 693 1088 735 credebantur,·
1117 691 1214 737 lt,7lt
1247 694 1341 728 satis
1375 705 1469 730 con-

113 743 246 780 stabat*
266 753 422 782 auctam
449 749 481 782 ei
507 748 777 795 adrogantiam
811 750 964 797 (eodem
988 751 1105 786 modo
1131 751 1210 788 cic.
1237 753 1388 789 locutus
1413 759 1468 789 est

115 804 231 839 Tusc.
245 809 280 850 3,
295 807 354 849 27,
380 803 449 843 ubi
474 817 673 854 perperam
707 808 865 860 qnidam
891 809 934 845 in
967 817 1114 846 constat
1145 816 1342 845 mutarunt
1375 822 1470 846 con·

114 861 291 909 stabat)‚·
325 861 382 908 14,
397 863 420 902 4
441 866 538 900 'satis
563 868 726 902 constitit
750 869 938 907 exstitisse
971 868 1221 915 prodituram
1256 869 1312 913 16,
1328 874 1350 907 5
1375 882 1469 905 con—

112 921 208 956 stitit
229 923 425 971 plerosque
449 925 611 970 equitum
634 946 683 954 --
707 925 862 963 obtritos
870 942 883 970 ‚·
914 925 950 971 lt,
965 927 988 964 6
1012 928 1193 974 legesque,
1227 929 1260 962 si
1284 928 1468 971 majesta-

112 980 162 1014 tis
188 983 353 1027 quaestio
379 983 619 1026 eximeretur,
656 983 750 1020 bono
776 987 817 1021 in
850 998 922 1021 usu
954 985 1006 1032 (si
1040 984 1200 1029 eximas,
1234 992 1397 1032 excepta
1421 989 1470 1015 -'-

76 1067 77 1070 ,
114 1039 356 1088 quaestione3
389 1040 455 1076 sed
480 1040 633 1087 respicit
657 1054 789 1079 eorum
813 1042 1012 1090 judicium,
1047 1042 1115 1092 qui
1144 1049 1228 1079 tum
1252 1044 1467 1092 vivebant).

114 1095 255 1131 Contra
278 1098 468 1145 praesenti
492 1098 611 1135 utitur
643 1099 684 1135 in
716 1102 775 1138 sui
810 1101 896 1141 aevi
926 1101 1041 1138 rebus
1074 1101 1336 1149 exponendis,
1372 1116 1405 1139 e.
1432 1117 1466 1154 g.

112 1154 213 1190 Hist.
227 1160 262 1199 2,
280 1154 328 1194 46
358 1164 400 1192 ut
430 1170 542 1194 'nemo
583 1158 726 1195 dubitet
756 1163 924 1208 potuisse
957 1163 1132 1197 renovari
1164 1161 1302 1197 bellum
1335 1170 1466 1200 atrox.
1497 1198 1500 1199 ⁷

113 1213 199 1264 Non
221 1222 408 1263 repugnat
429 1218 538 1252 locus
563 1217 753 1266 AgrichS
788 1230 964 1266 supremo
1000 1220 1150 1267 quidem
1184 1219 1245 1256 die
1278 1227 1468 1256 momenta

106 1270 323 1314 *ddici-tntis
351 1285 422 1321 per
456 1275 660 1322 dispositos
693 1289 864 1314 cursores
902 1281 1078 1314 nuntiata
1118 1278 1339 1323 constabat,·
1377 1291 1467 1315 nam

109 1328 193 1377 ipse
217 1342 297 1367 non
323 1331 495 1371 interfuit
519 1335 722 1382 Agricolae
747 1338 950 1384 supremis.
1000 1340 1050 1374 V.
1076 1341 1221 1387 Proleg.
1244 1358 1291 1364 —-
1315 1341 1371 1374 De
1393 1338 1467 1373 im-

111 1388 278 1434 perfecto
305 1402 374 1438 pro
399 1393 525 1441 plusq.
551 1393 677 1440 posito
702 1396 797 1439 (nisi
819 1396 1063 1441 subvenisset,
1092 1399 1235 1433 amissa
1259 1399 1466 1433 Britannia

103 1445 226 1492 soret)
253 1446 341 1484 vide
366 1448 569 1487 indicat.
599 1464 662 1488 no.
677 1458 712 1496 3,
730 1465 824 1489 e.—
849 1456 946 1492 Cum
971 1457 1058 1491 loco
1085 1456 1182 1492 nist.
1200 1462 1232 1500 1,
1250 1455 1294 1494 14
1321 1459 1466 1493 anatim·

111 1502 278 1552 quonam
304 1510 539 1544 exercituum
563 1512 621 1545 vis
650 1521 860 1559 erumperet
893 1514 940 1561 (i.
966 1526 999 1551 e.
1027 1522 1208 1561 eruptura
1232 1520 1346 1555 esset)
1372 1527 1463 1550 con-

110 1562 167 1599 fer
192 1565 297 1602 Caes.
323 1562 365 1605 B.
397 1568 442 1603 G.
459 1572 493 1612 5,
508 1570 556 1610 29
589 1573 715 1606 Cottae
732 1572 889 1619 ‘quidem
915 1593 962 1599 —
988 1575 1184 1609 consilium
1212 1585 1319 1621 quem
1346 1574 1466 1610 Imbe-

111 1628 165 1658 ret
191 1625 352 1661 exitum.

206 1681 259 1728 3)
290 1685 559 1726 Perfectum
595 1689 869 1734 praeeuntibus
906 1691 1045 1739 prioris
1085 1692 1170 1727 aevi
1204 1692 1466 1739 scriptoribus,

109 1739 278 1785 maxime
303 1743 437 1789 poetis,
471 1745 655 1783 aoristi
680 1749 910 1784 Graecorum
935 1750 1032 1786 vim
1058 1750 1202 1786 habet
1232 1750 1272 1796 a)
1300 1743 1470 1798 plerum-
1505 1755 1507 1757 ’

110 1809 186 1846 que
219 1799 268 1834 ad
302 1801 599 1848 exprimendum
631 1818 810 1843 morem
845 1809 1260 1858 consuetudinemque:
1302 1810 1470 1859 Agric.9

108 1855 216 1892 haud
239 1870 387 1905 semper
413 1870 517 1897 errat
529 1860 650 1908 sama
659 1866 904 1913 5'aliquando
942 1874 976 1902 et
999 1867 1115 1916 elegit
1141 1868 1297 1918 (eligere
1329 1870 1466 1915 solet);

110 1915 212 1951 Ann-
229 1921 320 1961 1,17
347 1930 400 1955 an
424 1925 637 1967 praetorias
662 1925 839 1970 cohortes,
877 1938 972 1974 quae
1007 1926 1114 1962 binos
1147 1927 1323 1963 denarios
1358 1939 1467 1963 acce-

112 1974 255 2021 perint,
291 1988 388 2024 quae
417 1987 505 2025 post
543 1982 706 2018 sedecim
743 1996 865 2020 annos
895 1986 1098 2032 penatibus
1130 1988 1208 2021 suis
1240 1986 1466 2030 reddantur,

111 2034 200 2079 plus
231 2037 486 2081 periculorum
519 2043 732 2088 suscipere5
764 2045 890 2079 Germ.
908 2044 955 2082 24
988 2047 1209 2081 exercitatio
1246 2053 1364 2081 artem
1398 2057 1466 2092 pa-

111 2092 222 2136 ravit,
249 2092 317 2129 ubi
343 2094 390 2130 cf.
415 2097 525 2134 Hess.
550 2111 649 2135 varr.
676 2102 778 2136 lectt.
795 2104 824 2137 1.
852 2115 889 2150 p.
903 2107 970 2150 273
996 2107 1042 2149 11,
1071 2118 1107 2152 p.
1126 2111 1184 2145 17.
1219 2106 1343 2139 Multa
1368 2104 1466 2138 alio-

110 2161 195 2186 rum
219 2154 400 2199 exempla
424 2157 612 2205 congessit
636 2160 791 2195 Walch.
819 2160 1063 2200 doctissimus
1090 2164 1136 2199 ad
1159 2163 1286 2213 Agric.
1305 2170 1321 2200 1
1350 2160 1465 2209 p-104

111 2211 166 2259 sq.
191 2212 279 2247 coll.
306 2214 532 2259 p.133.140.
548 2215 627 2255 141.
662 2219 734 2254 Sed
761 2219 890 2256 minus
916 2228 1015 2257 recte
1040 2223 1117 2258 huc
1144 2224 1290 2258 trahere
1315 2222 1468 2258 videtur

111 2268 240 2317 Agric.
257 2276 275 2307 1
303 2273 429 2308 omisit
453 2281 490 2310 et
514 2287 610 2322 opus
632 2276 732 2322 fuit3
768 2290 856 2314 nam
891 2280 966 2315 hoc
991 2281 1146 2328 quidem
1174 2293 1243 2329 pro
1271 2286 1467 2327 praesente

114 2327 261 2364 dictum
295 2337 351 2366 est
382 2343 487 2381 inore
521 2334 653 2371 eorum
686 2336 755 2384 qui
786 2337 964 2384 epistolas
1005 2338 1201 2384 scribunt,
1244 2339 1343 2374 illud
1376 2350 1467 2374 vero

116 2397 197 2421 non
220 2389 364 2425 recedit
389 2402 410 2425 a
436 2393 587 2441 vulgari
612 2407 695 2438 usu,
720 2402 756 2431 et
785 2397 889 2445 quod
916 2397 956 2431 in
983 2398 1242 2439 transferendo
1269 2398 1308 2432 h.
1323 2399 1348 2431 l.
1376 2408 1466 2431 usus

117 2451 172 2480 θεῖ
196 2447 333 2484 Verbis
365 2449 519 2498 „bidem
552 2454 699 2501 ffiraucb
735 2460 802 2495 nus
837 2456 929 2495 ulter
961 2457 1039 2503 Scit
1072 2458 1212 2504 entsagt
1243 2454 1342 2502 sclbst
1375 2454 1470 2500 nicht

117 2505 215 2537 etc.“
241 2504 341 2541 nihil
366 2509 532 2554 profecto
557 2512 662 2548 aliud
688 2514 781 2550 dicit
805 2515 881 2551 nisi
907 2516 998 2563 „bat
1023 2517 1278 2562 unterlnffcn·“
1330 2513 1373 2560 b)
1399 2525 1468 2560 ΡΠ)

117 2563 604 2614 plusquamperfecto
630 2573 785 2620 ponitur
809 2576 914 2610 Ann.
930 2581 962 2618 1,
978 2580 1022 2612 53
1057 2577 1215 2619 litterae,
1245 2584 1341 2618 quas
1365 2572 1470 2606 Julia

114 2624 218 2667 patri
249 2628 420 2671 Augusto
451 2639 539 2663 cum
573 2631 816 2668 insectatione
849 2634 987 2669 Tiberii
1019 2633 1189 2681 scripsit,
1232 2644 1258 2666 α
1294 2631 1468 2668 Graccho

113 2684 346 2728 compositae
377 2685 625 2735 videbantur3
664 2691 764 2728 Hist.
788 2698 821 2736 1,
844 2697 889 2730 53
924 2692 1027 2729 hunc
1058 2692 1233 2736 juvenem
1272 2690 1397 2728 Galba
1421 2709 1468 2716 -
