1702 2982
284 198 369 242 450
423 174 427 186 Ι
496 208 500 219 ’
622 195 878 258 Sup'ergredi
906 221 963 230 —
995 195 1282 258 Superventus

281 309 376 346 Plin.
409 308 526 356 Epist.
541 314 575 353 3,
590 313 636 346 20
667 316 867 356 supersunt
897 320 1025 353 senes,-
1057 308 1216 355 Quintil.
1230 314 1285 352 10,
1300 314 1333 352 1,
1350 305 1430 345 104.
1446 312 1535 353 123;
1569 307 1624 344 si-

280 368 384 404 milis
407 369 514 403 locus
539 373 594 403 est
617 366 724 415 Virg.
752 368 885 417 Georg.
898 374 932 413 3,
951 374 994 405 10
1024 367 1134 403 modo
1159 368 1240 402 vita
1265 368 1435 413 supersit,
1454 366 1518 401 ‘de
1543 377 1622 414 quo

270 427 404 462 -Varro
439 437 500 472 ap.
534 426 629 461 Gell.
652 431 685 470 1,
709 430 753 462 22
786 425 1011 474 οἷκυροίτερον
1046 425 1099 461 ait
1129 425 1336 474 Virgilium
1367 418 1407 460 h.
1438 431 1480 461 v.'
1509 434 1635 460 usum.

282 494 376 519 esse.
406 503 453 510 —-
499 484 590 520 Inde
614 484 660 520 de
686 484 734 520 iis
759 484 958 531 usurpavit
982 484 1137 520 Tacitus
1171 495 1268 532 quae
1292 485 1366 518 alta
1400 489 1530 519 mente
1560 484 1646 519 re-'
1677 491 1683 511 ⁸

283 541 436 577 condita
465 549 632 578 manent.
658 542 787 605 Agl-ic.
799 547 844 579 22
878 555 922 578 ex
957 542 1157 578 iracundia
1191 542 1286 577 nihil
1318 548 1531 588 super;erat
1566 553 1626 576 se-

284 606 426 636 cretum
451 606 485 634 et
508 601 692 635 silentium
718 612 796 643 elus
820 613 896 636 non
920 601 1082 635 timeres.
1130 599 1170 644 3)
1197 599 1222 634 i.
1249 611 1286 646 q.
1311 592 1518 643 restare,
1545 599 1624 635 de-

284 669 389 694 esse
412 657 516 693 Ann.
530 655 565 701 4,
582 663 601 697 7
628 665 813 704 quantum
837 669 1052 717 superesse
1060 664 1101 692 ut
1125 658 1280 703 collega
1301 656 1476 692 dicatur!
1509 656 1565 704 14,
1579 663 1626 695 20

286 716 380 764 quid
404 727 605 762 superesse,
630 717 704 750 nisi
727 722 769 750 ut
793 712 952 763 corpora
977 728 1120 763 quoque
1143 714 1299 765 nudent.
1347 713 1402 750 Cf.
1417 714 1628 765 Liv.45‚24
1664 727 1668 734 ‘

288 775 381 823 quid
404 776 520 821 igitur
547 769 723 820 superat?
732 789 745 818 ‚-
776 774 872 809 Plin.
899 773 1103 821 Epist„8,6
1126 773 1169 809 id
1192 780 1278 809 vero
1305 772 1455 808 deerat!
1489 771 1629 818 lt)‹su.-

287 831 452 880 perior
463 843 530 867 em
555 843 662 867 esse
687 831 789 867 Ann-
804 837 838 876 3,
853 830 898 872 47
925 845 963 868 se
996 833 1162 868 consiliis
1191 830 1428 877 superfuisse.
1463 830 1518 867 cf.
1542 826 1628 868 Liv‘.

288 897 346 934 33,
361 888 384 927 4
409 891 570 936 equitum
596 892 714 938 copiis
737 891 970 935 superabant
978 908 992 935 ,-
1015 890 1122 938 Virg.
1143 890 1277 938 Georg.
1290 894 1324 932 3,
1342 892 1409 929 127
1425 901 1472 925 ne
1486 888 1628 930 blando

288 946 448 998 nequeat
472 961 660 996 superesse
683 948 806 984 labori
837 949 861 983 i.
891 961 924 984 e.
948 938 991 984 u't
1021 948 1195 991 vincere,
1232 949 1412 993 tolerare,
1446 947 1632 984 sustinere

288 1008 480 1056 possit.-
504 1009 590 1042 Non
612 1006 741 1042 minus
767 1006 971 1043 insolenter
995 1008 1096 1042 Suet.
1122 1006 1203 1042 Oct.
1218 1007 1266 1043 56
1288 1018 1477 1052 superesse
1499 1011 1632 1054 usurp.

290 1078 360 1114 pro
388 1065 559 1101 adesse
588 1064 797 1100 auxilio:
823 1078 879 1109 ne,
901 1067 933 1100 si
953 1071 1166 1111 superesset,
1188 1067 1342 1111 eriperet
1355 1062 1498 1111 legibus
1511 1076 1631 1107 mum,

293 1127 356 1160 sin
383 1124 534 1166 deesset,
566 1123 759 1159 destituere
783 1134 829 1158 ac
850 1123 1132 1169 praedamnare
1158 1125 1324 1158 amicum
1349 1123 1633 1158 existimaretur.

386 1194 683 1230 SUPERGREDI
718 1191 743 1230 i.
773 1205 810 1241 q.
837 1204 1023 1239 superare,
1059 1192 1212 1229 vincere
1234 1193 1340 1228 Ann.
1357 1197 1412 1235 13,
1427 1189 1474 1230 45
1498 1195 1643 1229 aetatis*

293 1264 384 1293 suae
397 1251 576 1298 feminas
602 1250 887 1296 pulchritudine
917 1263 1179 1298 supergressa‚·
1216 1249 1273 1294 14,
1288 1255 1333 1288 52
1359 1252 1470 1297 quasi
1490 1248 1638 1298 princi-

291 1324 378 1359 pem
403 1310 741 1357 supergrederetur.
791 1311 847 1344 Ita
872 1309 1033 1356 Quintil.
1058 1315 1097 1345 et
1121 1308 1260 1345 sustin.
1285 1309 1403 1344 locuti
1425 1321 1477 1354 βα,
1508 1307 1550 1345 in
1573 1310 1635 1345 in—

292 1369 493 1405 scr.-Grut.
519 1379 557 1414 p.
573 1365 691 1405 260.AE
723 1366 861 1414 legitur
894 1379 1023 1402 omnes
1057 1369 1223 1403 omnium
1257 1374 1343 1403 ante
1374 1380 1413 1402 se
1447 1369 1634 1405 maximo-

295 1440 380 1463 rum
412 1429 680 1474 imperatorum
741 1427 857 1461 lorias
896 1438 1181 1474 supergressus-,-
1218 1426 1326 1473 Sulp.
1358 1425 1454 1476 §ev-
1494 1425 1595 1463 nial.
1613 1431 1635 1463 2

293 1498 332 1533 p
346 1485 415 1524 452
439 1486 650 1520 humanam
676 1496 720 1519 su
746 1486 925 1519 stantiam
950 1490 1227 1532 supergressus.
1260 1498 1291 1514 «r
1287 1477 1367 1513 (νίν
1392 1481 1626 1544 *ΔὲἶΓἬ
1641 1513 1696 1543 βω

389 1555 802 1591 SUPERSTAGNARE
836 1552 967 1595 ἁπαξλ.
998 1556 1219 1599 Ann.1‚79
1254 1563 1301 1590 ει
1317 1556 1442 1591 amnis
1473 1556 1558 1591 Nar
1589 1550 1677 1582 —2'
1687 1558 1702 1578 ¹-

298 1617 675 1676 superstagnavisset.
1684 1614 1694 1624 ‘

390 1684 655 1721 SUPERSTES
689 1683 855 1732 Agrio.3
889 1684 1017 1730 pauci,
1052 1690 1093 1718 ut
1123 1685 1180 1718 ita
1217 1682 1386 1727 dixerim,
1420 1695 1497 1720 non
1527 1682 1640 1720 modo

290 1743 476 1787 ‚atior-um,
503 1743 571 1778 sed
594 1744 706 1780 etiam
731 1745 849 1778 nostri
873 1742 1099 1787 superstites,
1125 1740 1194 1776 ubi
1222 1748 1321 1777 recte
1337 1741 1550 1787 Walchius,
1575 1753 1641 1790 ge-

298 1799 475 1844 nitivum,
503 1799 565 1846 ait,
597 1799 770 1846 junctum
787 1813 875 1848 (esse
899 1800 991 1835 huic
1016 1799 1104 1836 voci
1129 1811 1150 1835 e
1174 1811 1278 1835 more
1310 1799 1432 1836 nostri
1463 1798 1640 1848 Liviique

299 1858 531 1903 (Ann.2,71
559 1864 611 1894 tot
635 1859 816 1894 bellorum
850 1860 1107 1905 superstitem,·
1142 1864 1173 1902 1,
1189 1859 1232 1895 61
1261 1858 1383 1905 cladis
1407 1857 1485 1907 ejus
1508 1869 1651 1904 supen.

298 1918 425 1960 stites,·
464 1921 498 1961 3,
521 1913 546 1952 4
577 1918 765 1964 integram
795 1918 850 1952 illi
881 1917 1047 1953 subolem
1079 1929 1128 1953 ac
1159 1918 1392 1964 superstitem
1423 1917 1638 1963 iniquorum

298 1981 542 2022 precarentur
541 1977 589 2019 )‚·
617 1974 683 2010 sed
709 1974 915 2010 insolenter
941 1987 1092 2022 prorsus
1118 1974 1242 2023 (quod
1270 1973 1347 2021 jam
1381 1973 1493 2009 illudy
1513 1980 1555 2009 ut
1585 1975 1640 2009 ita

301 2033 458 2068 dixerim
483 2030 642 2079 probare
666 2032 840 2078 videtur)
866 2033 1040 2068 Tacitum
1065 2033 1105 2068 h.
1131 2044 1170 2069 v.
1195 2044 1274 2067 non
1298 2034 1425 2070 solum
1449 2031 1496 2066 ad
1519 2031 1641 2074 vitam
1689 2079 1692 2080 ⁷

299 2091 366 2128 sed
391 2091 438 2125 ad
463 2090 635 2125 animum
659 2089 771 2124 etiam
797 2091 969 2126 retulisse
994 2102 1074 2126 non
1099 2090 1260 2125 fractum
1284 2090 1466 2125 diuturno
1482 2084 1647 2126 servitio

298 2147 476 2196 „Qssenige
508 2156 579 2188 mu·
609 2148 723 2193 baben
759 2149 883 2188 nubere
908 2147 1084 2194 fibertebts
1120 2148 1209 2193 ohne
1233 2146 1331 2195 selba
1354 2146 1472 2197 gemin
1496 2148 1575 2187 tuot
1596 2156 1639 2195 με

300 2207 400 2255 ''citt“
434 2208 523 2242 coll.
547 2206 645 2241 Plin.
671 2205 788 2252 Epist.
804 2212 836 2250 8,
853 2204 899 2243 14
930 2207 1073 2242 Eadem
1104 2207 1212 2241 mala
1237 2206 1323 2250 jam
1344 2212 1541 2241 ‘senatores
1571 2215 1640 2253 per

300 2266 439 2301 multos
463 2276 585 2300 annos
619 2263 788 2299 vidimus
818 2266 1051 2312 tulimusque,
1087 2263 1221 2311 quibus
1251 2264 1407 2310 ingenia
1437 2269 1568 2299 nostra
1597 2264 1639 2300 in

297 2325 487 2370 posterum
516 2335 659 2370 quoque
682 2321 868 2367 hebetata,
892 2322 1020 2368 fracta,
1045 2328 1202 2358 contusa
1225 2327 1324 2377 sunt.

394 2393 761 2428 SUPERSTRUERE
787 2388 960 2438 (Seneca)
993 2392 1094 2427 Ann.
1109 2389 1144 2435 4,
1159 2392 1205 2428 62
1237 2402 1353 2438 neque
1373 2388 1639 2439 fundamth

297 2463 366 2499 per
390 2450 552 2486 solidum
578 2450 761 2494 subdidit,
797 2463 932 2498 neque
926 2449 1067 2493 firmis
1098 2449 1249 2513 nexibus
1284 2449 1449 2496 ligneam
1481 2461 1639 2499 compa·-

295 2523 383 2558 gem
409 2516 575 2556 super-stt
578 2510 668 2543 uxit.

393 2572 731 2615 SUPERURGERE
759 2576 891 2620 ἅπαξλ.
916 2578 1016 2613 Ann.
1029 2582 1063 2622 2,
1074 2582 1119 2615 23
1137 2578 1266 2623 fluctu
1288 2584 1562 2625 supet-urgente.

391 2634 752 2679 SUPERVENTUS‚
786 2637 845 2672 US
870 2641 976 2671 sexto
1001 2646 1090 2671 casu
1124 2635 1239 2680 (Plin.
1263 2636 1312 2670 H.
1338 2637 1384 2671 N.
1395 2639 1453 2680 25,
1468 2635 1509 2682 5)
1532 2631 1632 2673 mai.

298 2701 334 2743 2,
348 2694 395 2735 54
417 2702 639 2742 superventu
662 2697 765 2732 XIV
783 2695 1008 2742 legionis—
1032 2703 1160 2730 caesos
1181 2695 1359 2730 victores.
