1702 2982
227 187 320 245 XLIi
434 195 436 197 ’
706 193 1094 257 Prolegomena

227 318 340 381 apud
376 315 586 379 Augustei
616 313 708 360 aevi
746 323 894 375 poetas
935 325 976 359 et
1016 315 1133 377 apud
1164 323 1390 376 argenteae
1420 317 1572 365 aetatis

229 390 454 451 scriptores
484 387 635 432 codem
664 386 794 430 modo
824 396 1025 447 usurpata
1061 386 1274 443 videmus,
1323 387 1439 434 haud
1486 389 1570 434 exi-

216 474 353 524 ‘guum
375 459 554 520 denique
576 473 721 501 eorum
740 456 977 501 invenimus
1007 474 1239 513 numerum,
1274 475 1381 520 quae
1410 476 1486 505 sua
1515 459 1570 505 si-

225 532 270 577 hi
299 530 414 576 solus
445 510 634 574 vindicat
662 529 857 573 Tacitus.
920 527 1046 586 Quae
1085 545 1179 573 cum
1209 529 1253 573 in
1283 530 1378 591 ipso
1409 531 1490 576 hoc
1518 530 1570 576 li·

225 603 304 648 hro
325 599 505 680 singula·
516 601 749 645 accuratius
770 599 991 661 proposita
1012 609 1052 643 et
1073 598 1277 678 explicata
1297 601 1395 659 sint,
1418 617 1573 666 operae

226 684 369 719 tamen
399 671 580 735 pretium
608 664 745 726 fuerit,
775 670 858 715 hoc
887 669 997 742 loco,
1029 670 1215 729 omnium
1247 672 1376 734 quasi
1407 688 1573 719 summa

226 744 435 801 exhibita,
472 741 675 805 exemplis
715 741 895 804 probare
936 756 1043 802 quae
1073 727 1204 786 modo
1235 743 1348 787 dicta
1379 754 1489 801 sunt,
1531 754 1573 790 et

226 818 415 877 sejuncto
446 813 669 858 verborum
699 829 876 858 recensu
906 811 1198 874 explicatoque
1229 829 1255 858 a
1285 814 1572 875 grammaticis

225 885 310 932 stili
338 885 591 948 praeceptis,
625 900 731 946 quae
760 883 805 928 in
835 883 976 946 operis
1007 883 1136 945 ipsius
1169 895 1363 930 contextu
1393 883 1573 930 vocabu—

226 957 280 1020 lis
318 957 503 1002 inserere
541 954 840 1017 praetulimus,
879 970 957 999 suo
1000 952 1196 1016 quaeque
1221 954 1316 1000 loco
1348 951 1574 1018 disponere

208 1039 354 1090 --atque
390 1027 450 1073 ita
488 1025 573 1071 stili
613 1024 781 1070 Tacitei
819 1025 959 1087 ipsam
997 1025 1110 1070 velut
1149 1024 1301 1083 faciem
1339 1037 1571 1088 praestare.

225 1099 430 1147 Ceterum
449 1113 499 1142 ea
520 1097 598 1142 erit
625 1096 750 1158 hujus
783 1095 949 1141 consilii
978 1096 1100 1153 ratio,
1131 1107 1200 1154 ut,
1216 1096 1304 1143 =ubi
1324 1109 1461 1145 cetera
1481 1115 1576 1143 om-

222 1171 307 1228 nia,
329 1168 638 1215 accuratissime
660 1178 827 1213 servato
849 1167 1030 1212 ordine
1016 1168 1219 1225 instituto,
1249 1168 1426 1214 strictim
1444 1169 1574 1214 modo

179 1289 181 1292 ,
224 1253 266 1288 et
298 1241 417 1303 quasi
437 1241 481 1285 in
501 1233 743 1284 transcursu
773 1239 1140 1301 percensuerimus‚
1174 1239 1269 1285 de
1256 1239 1323 1296 1is,
1353 1240 1398 1285 in
1419 1239 1572 1302 quibus

222 1312 405 1358 maxime
441 1310 616 1356 vertitur
653 1309 824 1358 Tacitei
859 1310 1079 1356 sermonis
1096 1310 1356 1372 proprietas,
1396 1311 1448 1356 de
1485 1326 1571 1355 va-

222 1384 413 1428 rietate
445 1383 574 1442 ejuS,
617 1380 874 1426 brevitate
906 1393 948 1426 et
977 1382 1186 1445 poetica
1223 1379 1430 1437 indole,
1454 1393 1571 1426 enu'-
1627 1382 1629 1385 ’

224 1453 397 1503 cleatius
416 1451 635 1514 fusiusque
668 1453 868 1508 dicamus,
899 1470 992 1497 cum
1017 1469 1067 1498 ea
1085 1451 1221 1497 minus
1248 1451 1502 1504 commode
1489 1452 1572 1515 ipsi

225 1526 344 1588 operi
373 1524 563 1570 intexere
582 1525 860 1586 potuerimus.

338 1596 375 1640 I.
412 1593 595 1647 Verba
635 1594 754 1655 ipsa
792 1592 974 1656 paullo
1015 1593 1170 1640 etiam
1211 1592 1602 1640 insolentioraa

224 1685 333 1716 cum
385 1683 478 1728 per
530 1681 581 1710 se
614 1675 861 1727 spectata
906 1676 1009 1710 tum
1055 1663 1478 1725 significationis
1524 1676 1572 1710 et

223 1741 490 1801 juncturae
520 1734 731 1780 ratione
761 1735 969 1791 habita,
1010 1736 1125 1799 apud
1158 1735 1358 1780 Tacitum
1396 1735 1572 1782 eandem

227 1809 475 1872 plerumque
506 1807 591 1851 vim
621 1806 811 1863 retinent,
845 1824 971 1869 quam
991 1807 1151 1853 habent
1171 1807 1284 1868 apud
1305 1806 1457 1868 prioris
1479 1807 1573 1852 aevi

222 1880 461 1943 scriptore8‚
490 1877 574 1946 nisi
606 1878 718 1939 quod
750 1894 800 1922 ea
829 1877 875 1921 in
904 1879 1144 1922 universum
1174 1877 1312 1938 minus
1344 1893 1471 1938 saepe
1515 1877 1569 1923 ab
1596 1912 1599 1921 1

222 1951 289 1996 his
328 1957 528 2010 usurpata
564 1965 663 1993 esset
691 1948 896 1992 videmus.
956 1948 1025 1991 Ea
1067 1947 1208 1990 omnia
1238 1946 1306 1991 hic
1335 1956 1569 2010 recensere,

223 2036 330 2084 quae
360 2018 476 2080 apud
507 2017 758 2063 Ciceronem
789 2018 928 2073 etiam,
960 2017 1146 2072 Livium,
1179 2016 1428 2063 Sallustium
1459 2018 1567 2067 alios

223 2091 416 2153 ejusdem
447 2087 598 2133 aetatis
620 2087 834 2150 leguntur,
863 2103 1146 2149 supervacuus
1168 2104 1270 2132 sane
1290 2088 1568 2152 ingratusque

221 2163 333 2208 foret
361 2160 505 2216 labor,
543 2175 639 2203 cum
677 2155 845 2219 singula
876 2174 1064 2220 quaeque
1094 2160 1139 2203 in
1169 2158 1265 2220 ipso
1295 2158 1406 2204 libro
1436 2158 1569 2222 inspi-

154 2289 156 2291 ,
194 2231 359 2291 ,ciendi
389 2246 466 2275 suo
496 2229 590 2275 loco
620 2240 811 2293 potestas
842 2229 913 2276 sit.
972 2229 1119 2274 Unum
1147 2229 1228 2275 hoc
1256 2230 1468 2276 indicasse
1500 2248 1569 2276 sa-

224 2305 280 2350 tis
312 2302 410 2357 erit,
442 2317 606 2356 eorum,
651 2315 782 2362 quae,
823 2299 910 2344 sive
941 2299 1037 2362 ipsa
1064 2317 1144 2363 *per
1173 2317 1217 2345 se
1249 2312 1436 2363 spectcS,
1478 2302 1567 2349 sive

225 2374 279 2420 ad
310 2371 659 2434 significationem
687 2372 1006 2432 juncturamque
1038 2371 1260 2434 respicias,
1298 2372 1439 2418 minus
1481 2374 1566 2419 usi-

220 2455 323 2491 tata.
339 2442 454 2505 apud
482 2451 673 2486 nostrum
703 2441 896 2503 legantur
917 2442 994 2486 sed
1019 2441 1285 2488 inveniantur
1306 2443 1434 2488 etiam
1452 2445 1568 2506 apud

220 2515 385 2579 priores
429 2511 591 2556 solutae
634 2512 838 2556 orationis
879 2522 1094 2569 auctores,
1140 2508 1335 2559 sexcenta
1383 2508 1565 2577 amplius

224 2586 355 2646 digna
383 2581 476 2627 visa
505 2597 605 2627 esse
632 2599 738 2644 quae
767 2582 812 2627 in
841 2581 1004 2628 lexicon
1041 2596 1237 2631 nostrum
1271 2584 1565 2647 reciperentur,

225 2656 453 2715 eorumque
483 2653 689 2713 majorem
717 2664 882 2714 partem
913 2654 1132 2700 Ciceronis
1162 2667 1206 2701 et
1235 2656 1420 2717 ejusdem
1439 2674 1567 2718 genem
1611 2656 1617 2663 ¹

226 2727 286 2772 ris
310 2721 571 2786 scriptorum
602 2724 836 2771 orationem
865 2725 1056 2783 reddere,
1085 2726 1218 2772 multa
1249 2727 1363 2789 apud
1382 2725 1586 2785 Livium‚'
