1702 2982
212 150 295 199 134
766 146 1016 194 Covinarius

214 260 376 310 cotidie,
419 268 461 299 ut
489 262 539 300 stt
575 251 671 311 quot
703 258 850 298 diebus.
903 262 1040 298 Verum
1078 260 1176 307 haec
1205 260 1291 306 jam
1309 263 1438 303 etiam
1466 263 1564 304 tuter

213 320 319 368 ipsas
345 322 506 368 ineptias
530 326 772 357 evanuerunt.

311 379 605 418 COVINARJUS
629 377 756 426 Agric.
769 382 816 417 35
841 376 969 414 media
1001 378 1132 425 campi
1157 379 1382 421 covinarius.
1397 386 1432 417 οι
1455 392 1565 430 eques

214 440 371 485 strepitu
396 450 446 475 ac
479 436 655 474 discursu
666 407 909 485 complebat.
952 437 1014 480 Ita
1046 435 1144 472 inter
1176 436 1272 474 alios
1303 440 1437 486 legunt
1466 441 1567 483 Her-

215 496 329 532 telius
338 522 350 541 ,
391 498 549 531 Imman.
587 501 625 532 et
662 497 709 532 U.
742 497 772 531 1
802 496 852 530 H.
885 483 1065 544 Beckeri,
1106 494 1309 533 Walchius
1350 499 1567 553 covinarius

216 567 338 602 eques.
390 553 595 592 Contendit
622 553 737 598 enim,
771 563 898 601 neque
931 563 992 598 ap.
1027 552 1223 588 Caesarem
1244 555 1290 590 B.
1317 556 1363 591 G.
1380 553 1416 600 4,
1431 554 1489 595 24.
1505 562 1566 605 33,

214 625 340 662 neque
364 625 426 661 ap.
452 612 629 648 Tacitum
654 622 697 647 ac
725 610 892 646 Dionem
916 608 1012 672 int‘er
1035 599 1247 658 eq'uitatum
1273 619 1388 663 atque
1412 615 1574 656 esseda-

214 671 292 708 rios
318 671 522 708 discrimen
545 669 786 713 intercedere,
820 668 949 704 minus
975 674 1100 702 autem
1127 675 1254 715 patere
1286 672 1353 718 (ἲ)
1389 683 1434 708 ea
1467 682 1585 723 quae*

216 730 322 765 Mela
342 729 416 773 3‚6
446 727 652 764 memoriae
686 725 895 774 prodiderit
928 727 1113 761 dimicant
1142 738 1221 764 non
1252 731 1418 777 equitatu
1453 732 1575 771 modo

211 788 285 823 ‘aut
307 787 442 835 pedite,
476 798 607 823 verum
633 792 667 821 et
691 785 789 832 bigis
815 791 850 820 et
881 782 1056 820 curribus
1095 786 1240 823 Gallice
1270 790 1433 827 amatia
1463 788 1569 826 cevi-

219 858 289 882 nos
319 851 470 888 vocant,
506 856 663 892 quorum
686 843 858 890 fulcatis
890 842 1026 879 axibus
1057 850 1226 880 utuntur.
1273 844 1349 882 Ubi
1379 857 1441 895 ap.
1473 847 1571 884 Cae-

217 915 339 940 sarem
363 905 548 951 equitatus
573 908 607 937 et
632 902 810 937 essedarii
843 908 1205 948 commemorentur,
1239 901 1418 951 figuram,
1453 916 1570 955 quam

211 962 259 998 --t‘v
284 959 347 997 ὃιιὶ
373 960 472 997 δυοῖν
498 959 638 1004 dicant,
666 959 921 995 adhibendam
946 968 1027 995 esse
1059 960 1106 995 ad
1140 959 1223 1006 ejus
1255 961 1461 1000 locutionis
1499 975 1571 1000 ex·-

218 1019 480 1067 plicationem.
528 1018 602 1054 Sed
627 1017 755 1054 minus
789 1024 888 1053 recte
920 1017 980 1056 vir
1012 1017 1244 1054 clarissimus
1275 1018 1348 1055 hac
1383 1031 1500 1068 super
1529 1033 1571 1060 re

220 1076 435 1124 disputavit
460 1079 515 1124 (p.
530 1077 743 1118 367-—380
768 1081 806 1112 et
824 1075 873 1111 'in
898 1075 1162 1112 additamentis
1176 1075 1217 1123 'p.
1228 1073 1462 1126 439—446)
1486 1091 1573 1116 om-

218 1147 361 1184 nesque
380 1146 467 1171 cum
480 1136 604 1171 Melae
629 1133 818 1171 sententia
843 1133 1084 1170 consentiunt
1107 1133 1319 1182 scriptores,
1346 1135 1440 1180 dum
1465 1137 1572 1177 aliud

218 1193 386 1229 militum
411 1204 531 1240 genus
563 1193 771 1229 essedarios
804 1203 835 1229 s.
868 1191 1102 1236 covinarios,
1140 1192 1244 1227 aliud
1276 1194 1422 1242 equites
1452 1202 1574 1232 statu-

186 1298 189 1299 ⁷
222 1257 304 1295 unt,
331 1251 434 1295 licet,
461 1249 600 1298 aurigis
625 1250 808 1299 exceptis,
843 1249 979 1298 quiin
1010 1250 1151 1287 essedis
1182 1251 1450 1301 remanebant,
1483 1253 1574 1292 illos

222 1321 387 1358 quoque
404 1304 732 1356 equites‘dixeri53
758 1308 808 1344 cf.
836 1309 940 1345 Caes.
965 1310 994 1343 1.
1018 1309 1047 1343 1.
1070 1314 1203 1356 cp.33.
1251 1310 1353 1346 Illud
1378 1311 1481 1347 enim
1506 1324 1576 1360 per

221 1368 260 1406 ἕν
286 1366 347 1403 διὰ
371 1367 471 1403 δυοῖν
494 1366 656 1416 figuram
680 1365 1004 1415 interpretationis
1029 1377 1146 1414 genus
1170 1368 1280 1403 nullo
1306 1380 1461 1416 prorsus
1487 1381 1574 1407 mo·-

222 1427 272 1463 do
298 1425 473 1462 adhiberi
503 1431 629 1473 'potest
660 1425 893 1474 quibusdam
926 1424 1094 1461 Caesaris
1124 1424 1241 1472 locis,
1274 1432 1318 1462 ut
1342 1437 1403 1474 cp.
1420 1432 1467 1467 32
1492 1429 1520 1465 1.
1544 1429 1594 1473 1,,

221 1484 339 1521 simul
380 1487 546 1534 equitatu
587 1490 700 1531 atque
740 1484 878 1519 essedis
917 1483 1250 1519 circumdederant
1287 1486 1461 1533 reliquos.
1503 1486 1573 1534 (cf.

222 1548 257 1588 5,
275 1547 315 1590 9)
342 1550 378 1579 et
402 1543 556 1579 Tacitus
581 1542 623 1578 in
637 1541 765 1589 Agric.
791 1541 871 1579 vita
895 1551 956 1588 cp.
970 1541 1018 1578 36
1050 1543 1199 1578 interim
1223 1541 1279 1577 ait
1302 1545 1467 1590 equitum
1490 1551 1576 1582 tur-

221 1615 308 1637 mae
331 1601 486 1650 fugere,
522 1602 707 1638 covinarii
740 1600 911 1647 peditum
947 1612 986 1635 se
1012 1602 1153 1647 proelio
1189 1602 1385 1638 miscuere.
1433 1602 1508 1639 Sed
1539 1602 1574 1640 is

221 1660 415 1696 maximus
442 1659 512 1696 est*
533 1659 610 1697 viri
643 1658 854 1696 doctissimi
886 1670 1010 1702 error,
1046 1658 1151 1706 quod
1183 1659 1259 1695 hoc
1288 1661 1378 1696 loco
1408 1663 1576 1709 equitum

222 1726 369 1754 turmas
399 1718 446 1753 de
469 1721 740 1761 Romanorum,
773 1728 853 1753 non
886 1717 933 1753 de
965 1716 1237 1753 Britannorum
1270 1717 1443 1767 equitatu
1474 1718 1578 1755 acci-

222 1776 290 1823 pit,
317 1779 467 1811 nullam
493 1775 607 1811 aliam
632 1775 683 1812 ob
708 1786 873 1822 causam,
911 1786 1028 1823 quam
1053 1774 1158 1823 quod
1193 1774 1484 1824 praejudicatam
1515 1789 1581 1817 se<

223 1834 352 1883 quitur
383 1834 628 1882 opinionem,
671 1835 826 1869 nullum
859 1843 940 1869 esse
980 1831 1078 1868 inter
1110 1833 1258 1881 equites
1291 1840 1328 1870 et
1358 1834 1586 1877 covinarios.

225 1893 450 1938 discrimem,
492 1904 582 1933 nam
613 1892 718 1940 quod
749 1893 915 1939 equitum
947 1897 1097 1926 turmas
1129 1891 1177 1926 de
1208 1891 1395 1931 Romanis
1427 1896 1587 1931 tantum*
1639 1912 1645 1916 ·

225 1950 302 1985 dici
335 1962 446 1997 posse
477 1950 690 1994 contendit,
731 1949 918 1985 refellitur
948 1950 1035 1984 loco
1069 1948 1192 1984 Taciti
1226 1949 1274 1985 ab
1305 1950 1392 1998 ipso
1424 1948 1577 1989 comato

224 2013 326 2045 Ann.
339 2006 450 2052 14,34
459 2011 729 2043 Britannorum
745 2010 873 2054 copiae
878 2009 1023 2054 passim
1032 2018 1100 2054 per
1115 2014 1290 2043 catervas
1301 2015 1335 2043 et
1352 2015 1499 2045 turmas
1509 2022 1578 2045 ex·-

210 2068 430 2114 saltabant,
452 2067 518 2114 (cf.
537 2078 626 2101 cun
638 2078 658 2101 e
669 2069 736 2112 us)
754 2072 792 2101 et
807 2065 849 2100 in
866 2065 933 2100 illo
949 2067 1035 2100 loco
1043 2064 1171 2113 Agric.
1182 2066 1230 2103 36
1245 2066 1578 2104 deBritannorum

225 2125 418 2175 equitibus
445 2124 517 2172 agi,
544 2124 633 2160 inde
657 2123 736 2170 jam
761 2128 875 2170 patet,
901 2123 1005 2171 quod
1032 2122 1223 2159 covinarii
1247 2135 1324 2158 una
1350 2135 1441 2160 cum
1464 2124 1578 2174 equi-

226 2192 307 2221 tum
339 2185 476 2221 turmis
509 2187 869 2225 commemorantur,
903 2187 1102 2228 propterea
1131 2180 1235 2229 quod
1267 2187 1473 2231 utrumque
1499 2184 1576 2220 hoo

225 2243 395 2279 militum
421 2253 540 2291 genus
565 2238 780 2286 conjunctis
804 2237 951 2276 viribus
983 2239 1171 2286 impetum
1202 2238 1324 2275 facere
1355 2239 1500 2276 solebat
1531 2241 1576 2278 in

219 2301 426 2337 adversam
451 2299 583 2335 aciem.
633 2297 741 2334 Nihil
770 2308 862 2334 vero
895 2296 971 2344 agit
1001 2296 1206 2333 VValchius
1238 2307 1328 2332 cum
1359 2297 1451 2334 dicit
1481 2300 1576 2335 Bri-

226 2367 429 2396 tannorum
465 2368 601 2396 vocem
634 2355 723 2390 addi
756 2354 949 2400 debuisse,
984 2355 1018 2391 si
1048 2355 1096 2390 ad
1130 2353 1332 2391 barbarum
1363 2357 1576 2406 equitatum

224 2417 440 2453 referendae
479 2420 603 2451 essent
650 2414 814 2463 equitum
856 2420 1022 2458 turmae,
1071 2424 1161 2449 cum
1206 2413 1254 2450 de
1300 2413 1574 2452 Britannorum
1600 2443 1606 2451 2

219 2475 335 2515 clade
368 2485 481 2511 versu
515 2470 692 2520 proxime
727 2471 971 2518 praecedente
1002 2477 1144 2519 agatur.
1168 2491 1218 2498 -—
1267 2472 1442 2510 Ceterum
1473 2477 1576 2511 covi-

227 2533 329 2569 narii
352 2544 433 2570 vox
457 2530 559 2578 apud
583 2532 710 2566 solum
734 2529 914 2579 Tacitum
936 2529 1095 2577 legitur3
1131 2531 1284 2566 covinos
1315 2538 1466 2579 praeter
1488 2534 1574 2570 Me-

228 2594 306 2627 lam
330 2589 443 2627 etiam
467 2588 665 2632 Martialis,
692 2588 879 2633 Lucanus,
913 2587 1029 2625 Silius
1054 2595 1362 2644 commemorant.
