1702 2982
239 188 327 236 494
621 187 838 235 Viaticum
867 214 926 225 --
958 188 1211 236 Vimentnm

332 301 586 340 VIATICUM
609 303 717 339 Ann.
733 308 766 348 1,
780 306 825 345 37
841 303 1231 342 donec—contracta
1255 317 1300 341 ex
1323 306 1462 360 viatico
1487 306 1603 344 ami-⁴

168 367 174 374 “
238 371 370 397 corum
393 363 582 408 ipsiusque
608 364 778 398 Caesaris
798 365 962 409 pecunia
984 365 1268 412 persolveretur.
1302 364 1497 402 Viaticum
1521 364 1591 401 da-
1622 394 1625 399 ,

235 418 349 454 batur
373 419 594 467 provinciae
624 420 788 468 praesidi
812 420 972 471 ejusque
996 422 1219 466 comitibus;
1242 429 1325 458 tum
1348 423 1512 471 pecunia
1536 423 1592 461 ita

238 477 381 513 dicitur
406 489 524 526 quam
550 476 691 515 milites
717 478 791 515 sibi
816 487 1146 527 comparaverunt.
1198 481 1255 520 cf.
1283 482 1362 519 Cic.
1381 484 1485 518 Fam.
1500 486 1590 527 12,3

238 535 339 583 quod
365 536 487 583 legato
512 543 575 572 tuo
601 538 783 573 viaticum
815 539 1048 584 eripueruntf
1079 539 1183 575 Suet.
1214 540 1319 577 Caes.
1335 542 1379 579 68
1413 539 1590 588 Ingresso

239 586 365 629 civile*
383 593 522 630 bellum
555 597 788 630 centuriones
821 596 1000 643 cujusque
1031 598 1185 644 legionis
1216 600 1384 647 singulos
1407 592 1548 646 equite}
1571 610 1592 635 e

237 654 379 688 viatico
408 654 482 701 “suo
520 652 753 695 obtulerunt;
797 654 891 689 Hor.
934 655 1051 702 Ep.2,
1066 660 1100 697 2,
1112 657 1160 693 26
1173 667 1257 705 sqq.
1295 658 1448 693 Luculli
1482 658 1592 693 miles

237 712 382 747 viatica
408 712 543 747 multis
560 714 778 759 Aerumnis,
813 714 937 748 lassus
970 713 1063 750 dum
1087 722 1194 751 nocte
1217 717 1347 767 stertit,
1380 715 1436 753 ad
1467 707 1595 754 assem

239 769 479 806 Perdiderat.

330 837 513 877 VICTUS
539 852 608 888 pro
637 840 829 879 evictus
854 853 894 879 v.
918 841 961 878 in
985 822 1232 881 evincere.

332 910 603 969 VIDEI71CE'1'
627 924 663 947 v.
689 911 730 947 in
755 910 1007 948 nimirum.

335 967 605 1028 va'ATUs,
640 983 687 1026 A,
715 983 793 1017 ΠΜ
825 982 1039 1023 vermittmet
1072 985 1227 1034 (Sua,
1260 986 1364 1031 sen„
1397 977 1601 1032 Martiam*

236 1038 340 1074 Ann-
359 1039 415 1082 16,
430 1044 476 1076 30
501 1042 661 1076 Servilia
681 1057 731 1068 ——
754 1041 915 1076 viduata
944 1039 1198 1092 desolataque.

333 1110 558 1147 VIGILIAE
585 1111 610 1147 i.
637 1125 675 1162 q.
701 1108 878 1148 cohottes
904 1112 1069 1161 vigilum
1083 1115 1180 1151 Hist.
1196 1121 1229 1160 1,
1244 1120 1290 1154 20
1303 1115 1595 1152 exauctorati-—

238 1180 284 1204 ex
318 1168 478 1204 urbanis
515 1171 726 1206 cohortibus
768 1172 953 1206 Aemilius
998 1176 1198 1218 Pacensis,
1237 1187 1257 1210 e
1292 1175 1434 1221 vigiliis
1469 1173 1595 1208 Julius

235 1231 386 1263 Fronto.
410 1229 486 1275 Ap.
515 1227 593 1264 Cic.
620 1235 656 1264 et
681 1228 774 1265 Sall.
802 1228 960 1276 vigiliae
986 1242 1267 1281 nonnunquam
1292 1239 1382 1270 sunt
1403 1233 1595 1280 vigiles—

235 1286 263 1322 i.
289 1297 322 1321 e.
349 1286 416 1335 qui
441 1293 557 1322 noctu
585 1286 765 1324 excubias
790 1295 918 1335 agunt,
943 1295 1056 1337 atque
1082 1290 1134 1326 ita
1167 1291 1322 1328 Tacitus
1345 1292 1385 1328 h.
1408 1302 1448 1328 v.
1471 1289 1595 1326 utituf

237 1347 342 1380 Ann.
359 1348 505 1400 1,28·1'i
530 1348 678 1394 vigiliis,
705 1349 943 1391 stationibus,
971 1350 1155 1385 custodiis
1172 1357 1462 1396 *portarumme
1491 1350 1596 1384 inse-

238 1410 329 1439 runt
362 1404 616 1445 centuriones,
651 1405 720 1453 qui
750 1404 855 1441 obire
879 1406 1054 1443 solebant
1080 1407 1254 1455 vigilias3
1281 1401 1593 1454 cf.·Ann.‚15,'30

236 1456 350 1498 initi'a
382 1464 603 1510 vigiliarum
640 1464 766 1507 (tertia
793 1477 947 1514 quaque
972 1466 1086 1512 hora)
1116 1479 1183 1514 per
1215 1468 1468 1504 centurionem
1492 1477 1595 1501 nun-

235 1522 348 1562 tiari‚·
389 1521 487 1556 Hist.
502 1527 536 1566 2,
552 1526 598 1563 29
637 1524 762 1558 vetitis
795 1523 899 1559 obire
929 1525 1081 1572 vigilias
1121 1524 1420 1568 centurionibus,
1457 1526 1593 1561 omisso

235 1579 351 1616 tubae
375 1592 478 1622 sono,
513 1593 584 1627 quo
616 1582 722 1615 miles
746 1581 801 1616 ad
825 1581 917 1617 belli
943 1586 1077 1619 munia
1102 1585 1221 1619 cietur
1253 1584 1364 1631 (vide
1387 1583 1494 1632 Lips.
1518 1583 1596 1619 mi-

233 1638 295 1675 lit.
317 1629 424 1683 5,⁴8).
473 1640 530 1674 De
561 1638 747 1686 vigilibus
783 1646 823 1676 et
851 1640 1080 1684 stationibus
1113 1641 1361 1690 dignissimus
1392 1649 1450 1679 est
1485 1644 1594 1678 locus

234 1696 305 1747 qui
337 1686 553 1733 conseratur
588 1697 673 1734 Liv.
693 1696 752 1742 44,
768 1702 813 1738 33
854 1702 996 1748 ngles
1029 1703 1142 1736 etiam
1175 1713 1271 1737 novo
1305 1714 1412 1737 more
1442 1707 1593 1738 scutum

233 1758 276 1792 in
307 1755 481 1804 vigiliam
503 1755 614 1803 serre
643 1760 772 1794 vetuit.
807 1760 1019 1804 (Aemilius
1052 1761 1122 1796 csl.
1155 1770 1245 1795 cum
1275 1762 1412 1796 Perseo
1444 1758 1594 1795 bellum

235 1815 408 1864 gerens):
434 1827 511 1850 non
537 1817 635 1850 enim
661 1817 699 1851 in
723 1829 896 1865 pugnam
933 1819 1087 1866 vigilem
1121 1819 1186 1861 ire,
1220 1825 1262 1854 ut
1295 1820 1414 1854 armis
1446 1825 1592 1864 utatur,

235 1873 304 1908 sed
330 1872 384 1908 ad
407 1873 657 1920 vigilandum,
684 1881 738 1918 ut,
774 1887 862 1912 cum
894 1879 1050 1913 senserit
1082 1877 1246 1913 hostium
1280 1877 1499 1922 adventum,
1531 1889 1595 1912 re-

237 1933 354 1979 cipiat
389 1943 446 1975 se,
485 1934 689 1980 excitetque
726 1932 780 1968 ad
816 1947 929 1970 arma
966 1937 1072 1970 alios.
1130 1938 1242 1971 Scuto
1274 1949 1368 1984 prae
1399 1948 1439 1971 se
1472 1942 1593 1972 erecto

235 1997 339 2025 stare
361 1991 554 2037 galeatos.-
588 1990 736 2035 deinde,
763 1993 829 2028 ubi
849 1994 950 2041 sessi
974 1997 1060 2038 sint,
1094 1995 1238 2030 innisos
1260 1996 1352 2042 pilo,
1379 1997 1503 2042 capite
1525 2006 1595 2030 su-

233 2061 304 2096 per
328 2050 539 2096 marginem
564 2051 661 2084 scuti
691 2053 824 2097 posito,
857 2054 999 2100 sopitos
1029 2060 1151 2089 stare.-
1184 2060 1226 2089 ut
1248 2052 1494 2102 fulgentibus
1527 2065 1596 2089 ar-

234 2109 311 2142 mis
344 2108 479 2154 procul
509 2109 673 2153 conspici
706 2108 756 2143 ab
789 2111 894 2146 hoste
925 2115 1087 2159 possint,
1122 2113 1194 2158 ipsi
1226 2113 1324 2147 nihil
1353 2111 1595 2160 provideant.

234 2167 446 2202 stationum
477 2166 620 2213 quoque
651 2179 792 2203 morem
819 2173 996 2206 mutavit.
1030 2172 1172 2205 armati
1198 2182 1335 2214 omnes,
1372 2177 1406 2206 et
1425 2170 1597 2216 frenatis

235 2226 340 2272 equis
365 2226 515 2271 equites,
547 2226 647 2261 diem
673 2233 790 2263 totum
814 2229 1046 2276 perstabant.
1067 2248 1114 2255 —
1139 2241 1183 2263 ex
1207 2231 1402 2264 matutina
1428 2230 1592 2264 statione

235 2283 291 2318 ad
322 2283 516 2318 meridiem
561 2284 709 2330 decedi,
753 2294 787 2322 et
818 2290 858 2323 in
887 2287 1228 2335 postmeridianam
1261 2286 1461 2322 succedere
1494 2286 1593 2321 alios

229 2342 367 2386 jussit.-
401 2344 456 2376 ita
481 2356 675 2390 nunquam
698 2344 894 2394 fatigatos
924 2358 1051 2381 recens
1083 2346 1202 2380 hostis
1234 2343 1397 2392 adgredi
1428 2351 1590 2392 poterat.

232 2402 292 2435 De
316 2398 499 2447 vigilibus
523 2413 563 2438 v.
588 2402 702 2437 etiam
727 2405 849 2441 Tacit.
883 2404 982 2440 Hist.
995 2410 1029 2447 5,
1044 2408 1090 2441 22
1123 2403 1231 2450 (coll.
1264 2404 1367 2439 Ann.
1384 2409 1416 2446 1,
1431 2403 1496 2458 65)
1524 2407 1610 2448 Cer.

233 2459 346 2494 rialis
371 2458 464 2494 alibi
489 2467 634 2496 noctem
659 2471 787 2509 egerat
812 2483 858 2491 —
884 2463 928 2498 ob
951 2470 1123 2510 stuprum
1140 2478 1208 2497 -—.
1231 2462 1363 2509 vigilqs
1387 2463 1589 2510 flagiti-um

234 2529 346 2552 suum
379 2517 486 2552 ducis
520 2519 699 2555 dedecore
732 2521 984 2565 excusabant,
1017 2527 1219 2568 tamquam
1247 2520 1349 2564 jussi
1379 2522 1507 2569 silere²
1540 2533 1605 2570 ne

235 2577 393 2623 quietem
430 2577 508 2619 ejus
544 2578 743 2615 turbarent
752 2594 767 2622 ;
802 2583 858 2617 ita
891 2582 1106 2617 intermisso
1135 2580 1253 2628 *signo
1293 2586 1328 2616 et
1359 2580 1516 2616 vocibus
1549 2590 1590 2616 se

235 2646 380 2682 quoque
404 2637 444 2670 in
469 2648 645 2673 somnum
671 2640 812 2686 lapsos.
868 2682 870 2684 v

327 2705 607 2751 v1MENTUM
631 2706 763 2752 ἁπαξλ.
787 2709 966 2756 Ann.12,
982 2711 1042 2750 16.

1668 2114 1679 2140 δ
