1702 2982
271 209 358 251 338
800 198 1079 267 participium

1347 287 1363 298 χ

271 319 399 356 saevis
410 316 694 365 tempestatibus
705 319 914 354 exereitum
933 319 1115 354 lacessere
1125 328 1202 355 non
1215 319 1300 355 ausi
1323 316 1445 364 (Suet.
1461 306 1565 369 Λιιὲ.
1576 318 1621 360 1¹!

271 377 447 414 turbatus
470 377 610 411 nuntiis
635 375 681 411 de
703 372 895 412 seditione
915 379 1077 413 militum
1113 381 1243 426 repetit
1273 379 1428 414 Italiam
1461 386 1623 427 tempes-

272 445 350 472 tate
374 438 414 471 in
438 435 598 479 trajectu
622 433 678 469 bis
712 434 995 480 conflictatus);
1023 435 1152 483 Agric.
1177 441 1224 478 29
1259 428 1374 484 igitur
1407 438 1624 487 praemissa

272 497 403 538 classe,
431 505 526 541 quae
549 491 721 540 pluribus
747 493 840 528 locis
856 495 1049 540 praedata
1074 515 1121 522 -—-
1146 502 1319 530 terrorem
1335 493 1486 540 faceret
1504 512 1551 521 -
1568 493 1624 530 ad

271 560 433 590 montem
462 553 685 597 Grampium
713 554 898 597 paverat,-
923 563 982 600 cp.
996 559 1042 590 33
1066 555 1138 589 vix·
1161 554 1403 589 munimentis
1423 554 1624 600 coercitum

271 613 426 648 militem
450 610 675 646 adhortatus
701 612 755 644 ita
782 611 981 653 disseruit‚·
1007 610 1106 646 Hist.
1120 616 1155 654 3,
1171 616 1214 651 77
1231 612 1328 658 'ipse
1363 609 1536 647 lauream
1551 610 1624 650 *ad

149 667 162 692 ¹
267 671 436 718 fratrem
462 671 564 704 misit
584 674 877 714 percunctatus;
903 673 937 715 2,
956 669 1003 710 96
1027 671 1067 704 in
1091 669 1194 704 hunc
1218 670 1375 705 modum
1400 672 1512 705 etiam
1551 671 1643 706 Vi*-

222 752 224 754 v
270 731 393 766 tellius
418 727 524 775 apud
555 727 683 761 milites
721 725 906 770 disseruit,
935 729 1201 773 praetorianos
1219 740 1357 776 vnuper
1387 726 1624 763 baeauctora—

271 795 329 823 tos
353 788 577 827 insectatus,·
603 788 637 829 5,
655 788 699 821 15
725 786 849 819 minor
873 792 1013 830 tamen,
1042 799 1159 834 quam
1184 799 1255 834 pro
1279 786 1442 821 tumultu
1466 784 1623 822 caedese

273 847 363 894 quia
388 856 464 880 non
498 843 584 878 ausi
616 842 743 889 egredi
773 843 955 889 paludem
1002 846 1182 881 Germani
1217 847 1257 880 in
1295 851 1424 880 sastra
1460 843 1623 896 rediet-eg

274 915 335 951 cp.
352 908 396 944 19
421 915 498 937 non
527 907 655 936 tamen
682 912 798 935 ausus
823 902 1003 949 oppidum
1028 905 1133 947 tueri,
1161 904 1284 951 raptis
1311 915 1407 950 quae
1422 901 1625 950 ferri-pot-

272 968 391 1004 erant,
418 962 459 996 in
481 960 648 995 insulam
673 961 854 994 concessit
867 976 880 1002 ,·
905 967 966 1007 cp.
981 965 1025 997 21
1055 968 1092 1010 et
1116 961 1269 1008 passim.
1283 960 1489 1002 Notissima
1501 966 1563 996 ‘est
1583 958 1627 996 in

274 1020 378 1055 hunc
401 1018 564 1053 modum
584 1024 767 1064 usurpata
794 1018 939 1053 locutio
963 1026 1071 1054 ratus
1098 1020 1224 1061 dioeit,·
1241 1019 1290 1055 cf.
1305 1021 1418 1056 Voss.
1445 1018 1494 1054 ad
1517 1017 1624 1065 Virg-

275 1079 560 1124 Georg.1,339;
586 1076 716 1111 Horat.
744 1077 819 1111 Sat.
834 1080 867 1119 2,
882 1081 917 1119 3,
932 1075 979 1114 34
1010 1079 1204 1124 Descripsi
1238 1079 1428 1125 exempla,
1460 1089 1532 1124 quo
1565 1087 1626 1126 me

274 1136 415 1171 solatus
436 1134 549 1178 jussit
571 1136 780 1182 sapientem
813 1145 968 1181 pascere
992 1135 1168 1171 barbam.
1218 1136 1374 1172 Homer.
1401 1135 1474 1171 Od.
1499 1137 1541 1174 θ’.
1555 1139 1626 1175 292

274 1190 384 1240 Δεῦρο
408 1192 494 1240 φίλη
517 1191 710 1240 λέκτρονδε
737 1194 958 1238 τραπείομεν
989 1192 1206 1239 εὖνηθέντεῑ
1231 1196 1276 1229 11.
1289 1208 1323 1237 a,
1340 1198 1363 1231 5
1389 1193 1429 1235 ἐξ
1449 1188 1489 1228 οὗ
1513 1191 1556 1237 δή
1580 1189 1626 1227 τοὶ

273 1250 406 1296 πρῶτα
431 1250 603 1296 διαςήτην
627 1251 792 1296 ἐρίσαντε
817 1247 1004 1298 Ἀτρείδης
1027 1266 1067 1288 τε
1092 1259 1182 1295 ceta
1207 1264 1246 1289 v.
1266 1257 1291 1293 9
1329 1249 1351 1287 o‘
1375 1250 1447 1298 γσῖρ
1479 1246 1626 1296 βασιλῇι

275 1308 465 1351 χολωθείς,
488 1306 632 1344 Νοῦσαν
657 1307 730 1343 α’νοὶ
764 1308 897 1353 ςρατόν
934 1300 1027 1356 ὦρσε
1058 1308 1184 1355 κακήν.
1238 1309 1360 1346 Etiam
1395 1316 1480 1356 pro
1517 1317 1625 1355 par·h

275 1367 410 1415 tioip.
436 1367 455 1402 f
460 1379 485 1402 u
495 1372 522 1402 t.
550 1378 672 1413 pass.
698 1367 802 1416 quod
827 1366 913 1404 vice
937 1374 1030 1414 part.
1058 1378 1181 1416 praes.
1212 1367 1394 1416 fungitur,
1423 1370 1626 1414 praeeunte

276 1425 404 1470 Livio,
445 1424 603 1472 ponitur
640 1431 763 1472 part.
796 1425 911 1472 perf.
946 1437 1069 1473 pass.
1095 1426 1231 1473 ,Agl-ic.
1253 1425 1299 1463 14
1329 1435 1533 1473 prosperas
1566 1429 1626 1475 res

274 1484 409 1521 habuit
435 1483 606 1518 subactis
629 1483 864 1527 nationibus3
889 1485 993 1518 Ann.
1019 1484 1074 1527 16,
1090 1489 1133 1521 21
1161 1488 1261 1520 Nero
1291 1485 1466 1521 virtutem
1500 1485 1634 1530 ipsam.

275 1541 500 1579 exscindere
523 1543 738 1587 concupivit
761 1542 953 1587 inteifecto
982 1543 1150 1578 Thrasea
1181 1547 1296 1577 Paeto
1330 1549 1364 1577 et
1398 1547 1524 1578 Barea
1557 1543 1627 1577 So-

275 1613 369 1637 rano
395 1598 667 1646 (ieterficiendo
692 1600 826 1646 Thr.);
858 1598 893 1643 4,
908 1597 956 1636 34
993 1602 1199 1636 Cremutius
1234 1601 1379 1637 cordus
1411 1600 1627 1648 postulatur

276 1671 371 1695 novo
399 1669 447 1693 ac
472 1664 552 1693 tum
575 1659 742 1704 primum
770 1658 898 1694 audito
932 1659 1100 1702 crimine,
1135 1659 1236 1705 quod
1266 1649 1375 1694 editis
1407 1655 1622 1701 annalibus,

278 1717 507 1763 laudatoque
531 1719 588 1752 M.
613 1718 743 1760 Bruto,
773 1720 811 1752 G.
827 1719 995 1752 Cassium
1021 1722 1280 1753 Romanorum
1304 1719 1481 1754 ultimum
1505 1717 1626 1754 dixis·-

277 1783 351 1818 set3
371 1766 409 1820 '6,
431 1774 478 1817 49
503 1775 685 1822 Papinius
717 1773 918 1820 informem
945 1777 1084 1810 exitum
1122 1775 1270 1822 delegit,
1294 1775 1397 1818 jacto
1435 1778 1475 1811 in
1505 1787 1624 1822 prae-

279 1846 366 1882 ceps
392 1846 566 1881 corpore‚·
593 1834 719 1867 Germ.
733 1838 780 1874 39
805 1846 933 1869 omnes
969 1834 1136 1877 ejusdem
1174 1836 1371 1881 sanguinis
1405 1828 1625 1885 p'opuli'le—

276 1892 493 1940 grationibus
518 1894 662 1936 coeunt,
690 1903 870 1939 caesoque
894 1893 1042 1939 publice
1065 1893 1216 1927 homine
1246 1893 1438 1928 celebrant
1467 1884 1652 1942 barbari«.
1694 1907 1702 1914 ν

260 1952 375 1986 *ritus
407 1949 597 1986 horrenda
628 1951 840 1996 principia,·
875 1952 980 1986 Anu.
997 1957 1053 1994 13,
1067 1957 1113 1992 39
1151 1952 1268 1998 Capta
1306 1963 1458 1987 escensu
1496 1953 1624 1987 muni·-

279 2014 419 2051 menta,
450 2019 646 2053 omnesque
669 2007 824 2052 puberes
849 2010 1039 2053 trucidati,
1069 2000 1350 2055 nullo'amisso,
1379 2012 1523 2056 paucis·
1547 2009 1626 2045 ad-

280 2059 436 2102 modum
470 2066 690 2100 vulneratis.
705 2067 730 2086 “
786 2068 970 2101 Wal‘ch.
1008 2068 1059 2101 ad-
1090 2068 1221 2116 Agric.
1262 2081 1300 2115 p.
1322 2060 1404 2109 299.
1430 2057 1513 2106 [353.
1538 2073 1622 2108 217.
1677 2087 1679 2090 ·

277 2125 334 2158 De
350 2120 428 2158 lillo
452 2120 643 2169 participii
668 2122 760 2168 perf.
787 2135 861 2159 usu
895 2124 943 2158 cf.
967 2125 1110 2160 nubem
1146 2128 1413 2173 exemplorum
1445 2138 1467 2162 e
1499 2126 1624 2162 Taciti

277 2180 429 2227 scriptis
466 2185 731 2226 congestorum
768 2191 790 2214 a
822 2181 1006 2230 Sellingio
1044 2183 1087 2218 in
1124 2182 1339 2234 observata
1362 2184 1460 2220 critt.
1495 2184 1538 2219 in
1573 2187 1620 2221 T.

277 2238 409 2287 Agric.
434 2250 472 2285 p.
493 2243 552 2275 20.
1121 2236 1126 2241 “

373 2294 692 2341 Participium
721 2308 868 2343 praes.
905 2297 1046 2333 omisso
1079 2297 1150 2335 inf,
1187 2299 1295 2336 verbi
1327 2299 1446 2336 subst.
1482 2301 1623 2348 poni-

279 2360 358 2390 tur
381 2365 468 2400 pro
494 2352 770 2391 infinitivo.
819 2355 923 2394 Ann.
945 2361 999 2399 13,
1015 2361 1073 2395 50,
1095 2360 1230 2405 quippe
1261 2358 1420 2394 sublatis
1449 2362 1621 2407 portoriis

278 2423 446 2459 sequens,
470 2418 511 2446 ut
534 2411 754 2447 tributorum
781 2412 931 2449 abolitio
957 2418 1269 2461 expostularetur;
1294 2417 1342 2452 cf.
1371 2417 1449 2455 Cic.
1462 2418 1510 2454 de
1521 2420 1619 2468 legg.

279 2475 314 2515 1,
331 2474 352 2506 5
381 2471 565 2514 Quoniam
590 2473 773 2517 scriptum
809 2479 861 2507 est
885 2484 910 2506 a
933 2479 970 2507 te
1004 2473 1050 2508 de
1082 2477 1217 2522 optimo
1251 2476 1344 2522 reip.
1375 2483 1488 2521 statu,
1527 2489 1623 2513 con-

278 2538 435 2574 sequens
469 2539 547 2562 esse
570 2528 729 2574 videtur,
763 2537 803 2565 ut
834 2529 983 2565 scribas
1015 2538 1056 2566 tu
1088 2534 1191 2569 idem
1225 2533 1271 2569 de
1307 2533 1450 2581 legibus
1458 2548 1472 2575 ,·
1504 2535 1620 2570 etiam

280 2584 584 2622 substantivi
608 2586 713 2623 vice
738 2588 979 2636 fungitur,
1005 2597 1050 2625 ut
1074 2591 1177 2627 Ann.
1190 2597 1224 2636 3,
1239 2590 1285 2630 40
1312 2592 1548 2628 disserebant
1572 2593 1620 2629 de

279 2644 471 2690 gravitate
483 2641 646 2689 fenoris,
673 2649 831 2682 saevitia
856 2659 905 2682 ac
928 2648 1105 2695 superbia
1129 2651 1421 2697 praesidentium
1450 2651 1477 2686 i.
1494 2662 1528 2686 e.
1552 2663 1620 2686 eo-

278 2711 364 2736 rum
395 2700 465 2750 qui
497 2701 753 2748 praesiderent
792 2706 1002 2752 provinciis
1033 2719 1062 2745 s.
1087 2708 1326 2755 praesidum3
1358 2709 1494 2747 similis
1522 2714 1618 2758 βρα-
