1702 2982
673 143 678 164 ι

642 186 645 189 ¹
669 209 949 275 Participium
1065 211 1069 216 ’
1401 224 1488 267 339
1535 196 1538 202 ¹

76 327 78 330 '
133 319 284 378 ᾀυλογίᾳ
308 330 366 362 est
387 324 431 361 in
453 335 527 361 usu
553 316 681 372 pai-n
700 324 788 360 fut.
815 331 903 362 act.
929 326 1036 363 Ann.
1055 329 1090 375 6,
1105 334 1127 367 3
1153 331 1404 369 incusabatur
1410 334 1488 381 sa-

134 379 205 419 ‹L-ile
215 384 442 420 toleraturus
458 384 631 419 exsilium
649 383 797 420 delecta
809 383 939 429 Lesbo,
964 387 1091 430 insula
1114 389 1236 426 nobili
1260 399 1295 428 et
1310 405 1485 442 amoena,

128 440 156 478 i.
170 453 205 479 e.
230 440 488 490 objiciebatur,
515 442 619 491 quod
638 442 751 478 facile
770 444 996 481 toleraturus
1023 450 1123 482 ess'et
1154 449 1356 498 exsilium3
1383 454 1484 490 Hist.

127 503 163 546 2,
178 497 225 540 74
249 503 392 537 ceterae
416 502 561 549 Illyrici
578 502 747 549 legiones
771 505 969 538 secuturae
993 505 1249 551 sperabantur
1281 508 1307 544 i.
1326 523 1357 546 e.
1394 523 1483 559 spe—

123 555 276 594 rabatur
299 558 381 595 fore
405 567 448 596 ut
478 566 741 610 sequerentur.
767 582 815 589 —-
839 557 1072 610 Part'icip.
1104 564 1224 611 perf.
1248 577 1369 612 pass.
1397 581 1482 616 pro

123 611 274 653 verbo
298 615 473 654 fi'nitio
498 631 630 667 usurp,
679 620 783 655 Ann.
805 621 840 665 6,
863 615 907 658 31
947 624 1115 668 cupitum
1150 623 1194 660 id
1227 624 1371 662 Tiberio
1410 639 1481 675 pro

123 675 304 723 cupiebat
327 676 371 712 id
398 677 582 713 Tiberius.
1238 727 1240 731 ι

217 735 455 771 Neutrum
483 743 603 784 patt.
629 736 714 773 fut.
747 748 874 785 pass.
903 737 975 784 (in
992 739 1158 776 ‘modum
1190 748 1286 789 pai-t.
1313 745 1411 792 perf.
1437 754 1481 782 ut

119 804 344 840 persuasum
370 794 513 841 habeo)
548 794 722 845 jungitur
757 795 876 833 verbo
907 797 1060 845 habere.
1109 801 1211 836 Ann.
1233 800 1268 844 4,
1289 800 1337 840 40
1369 817 1479 853 posse

117 853 246 898 ipsam
270 855 419 890 Liviam
443 860 617 901 statuere,
645 855 863 893 nubendum
889 864 972 904 post
997 861 1177 903 Drusum,
1204 872 1257 896 an
1282 863 1324 897 in
1351 875 1476 909 pena-

118 910 222 946 tibus
245 911 378 948 iisdem
403 913 641 949 tolerandum
670 914 845 958 haber-eu
872 913 928 959 14,
947 913 995 952 44
1020 919 1052 951 si
1076 929 1181 953 nunc
1203 917 1372 966 primum
1392 929 1476 957 sta—

117 970 299 1006 tuendum
336 971 595 1018 traheremus,
618 972 719 1008 Dial.
740 979 798 1010 31.
823 977 868 1013 37
908 974 1112 1011 dicendum
1149 976 1312 1022 habere5
1350 990 1411 1026 cp.
1426 982 1473 1018 36

117 1029 418 1075 respondendum
443 1030 595 1067 habere.
645 1033 702 1067 Ita
726 1034 902 1080 aequales
926 1045 1079 1082 quoque
1093 1029 1217 1070 Taciti
1229 1036 1350 1072 locuti
1364 1043 1474 1074 sunt:

115 1086 214 1123 Plin.
238 1089 418 1134 limam,
435 1091 482 1131 76
506 1083 618 1126 ovum
645 1092 686 1126 in
709 1091 795 1125 sinu
813 1090 993 1137 fovendo,
1022 1099 1136 1140 atque
1160 1106 1248 1129 cum
1285 1095 1473 1142 deponen-

117 1136 409 1192 ‹ium‘haberet‚
446 1150 586 1184 nutrici
619 1161 687 1196 per
723 1151 849 1184 sinum
883 1151 1096 1195 tradendo5
1130 1152 1227 1188 Plin.
1253 1154 1371 1200 Epist.
1399 1161 1432 1199 1,
1452 1159 1470 1196 7

115 1216 212 1252 quae
234 1226 284 1232 —
307 1196 531 1243 certandum
555 1206 719 1248 habent5
744 1219 804 1255 cp.
825 1213 844 1245 8
871 1220 952 1244 cum
985 1210 1199 1250 enitendum
1231 1212 1468 1259 haberemus,

113 1258 155 1298 ut
181 1270 270 1309 cet-,-
296 1271 353 1309 10,
367 1270 414 1308 95
450 1267 732 1314 impetrandum
771 1279 797 1301 a
832 1266 1007 1302 bonitate
1032 1275 1100 1303 tua
1130 1282 1198 1316 per
1231 1284 1302 1307 nos
1334 1273 1471 1314 habet,-

111 1315 202 1358 Pau.
226 1328 271 1361 15
303 1325 400 1360 nihil
439 1325 662 1361 discendum
701 1325 860 1363 haberes
890 1332 1058 1374 tempore
1091 1328 1265 1365 docendi.
1321 1331 1468 1368 Similis

110 1379 207 1416 ratio
233 1388 288 1417 est
310 1383 388 1418 loci
426 1383 502 1420 Cic.
527 1386 636 1420 Verr.
662 1390 694 1429 1,
719 1390 764 1422 50
789 1385 933 1420 Aedem
969 1387 1130 1421 Castoris
1161 1391 1204 1422 P.
1227 1386 1363 1424 Junius
1395 1392 1469 1426 Ιια-

108 1437 192 1474 buit
216 1440 410 1477 tuendam.
463 1442 517 1479 Cf.
545 1443 620 1478 Seu
651 1443 698 1478 de
723 1443 779 1478 ira
804 1448 838 1488 2,
862 1446 896 1490 ¹7,
918 1449 940 1480 2
973 1445 1098 1490 ipsam
1131 1448 1231 1481 iram
1269 1451 1466 1497 castigan-

112 1497 205 1533 dam
230 1497 345 1535 habet
368 1501 501 1536 virtus.
1264 1499 1266 1506 ⁴

181 1558 221 1602 2)
247 1557 406 1606 Saepius
440 1565 477 1594 et
510 1558 692 1596 audacius
723 1560 838 1596 etiam
871 1573 990 1607 quam
1021 1574 1084 1610 ap.
1117 1562 1287 1612 reliquos
1320 1566 1464 1616 scriptt.

91 1615 330 1663 'participz
356 1617 474 1664 perf.
501 1630 624 1665 pass.
651 1618 756 1655 vice
789 1620 1018 1667 fungitur
1050 1620 1360 1661 substantivi
1395 1625 1465 1662 ab-

39 1666 45 1674 ’
106 1673 233 1710 stracti
257 1675 360 1724 quod
387 1675 536 1712 dicitur.
588 1678 692 1713 Ann.
717 1684 787 1721 1,8
820 1690 908 1714 cum
943 1681 1090 1714 occisus
1125 1681 1291 1718 dictator
1325 1688 1465 1721 Caesar

106 1734 195 1768 aliis
219 1736 437 1780 pessimum,
465 1737 551 1770 aliis
571 1737 871 1782 pulcherrimum
885 1737 1052 1783 facinus
1089 1739 1280 1775 videretur
1287 1755 1300 1782 ;
1332 1752 1393 1790 cp.
1419 1746 1464 1783 16

104 1798 274 1827 mutatus
293 1795 470 1840 princeps
496 1796 688 1830 licentiam
721 1796 920 1831 turbarum
954 1803 988 1831 et
1019 1808 1077 1831 ex·
1099 1800 1203 1834 civili
1237 1799 1332 1835 bello
1357 1814 1462 1848 spem
1495 1810 1502 1815 ”

99 1852 359 1897 praemiorum
387 1853 623 1897 ostendebat5
648 1865 707 1901 cp.
722 1852 768 1891 42
797 1867 889 1890 neve
913 1858 1058 1890 occisus
1083 1861 1248 1904 Augusti
1259 1872 1458 1908 pronepos,

105 1908 302 1956 interfecta
330 1909 467 1946 Tiberii
496 1924 615 1947 nurus
639 1915 869 1956 nocentiores
893 1926 962 1949 vos
978 1914 1133 1960 faciat,·
1157 1921 1191 1959 3,
1205 1922 1252 1954 50
1276 1920 1356 1953 vita
1382 1925 1461 1955 Lu—

104 1969 191 2002 torii
216 1970 256 2004 in
280 1970 423 2018 integro
448 1978 521 2015 est;
547 1973 610 2019 qui
634 1984 752 2019 neque
775 1980 945 2008 servatus
970 1976 1009 2010 in
1029 1975 1242 2020 periculum
1277 1977 1456 2024 reipubli-

105 2039 175 2063 cae
206 2041 323 2076 neque
359 2029 576 2076 interfectus
612 2032 653 2066 in
691 2032 900 2078 exemplum
938 2032 1022 2077 ibic;
1059 2032 1207 2078 Hisnli,
1224 2039 1268 2076 19
1303 2037 1459 2082 trepidis

103 2088 297 2132 ministris,
326 2101 417 2135 quos
445 2088 646 2137 ambiguus
671 2091 897 2126 auxiliorum
922 2094 1074 2128 animus
1099 2100 1133 2127 et
1158 2092 1280 2129 subito
1308 2094 1455 2131 delectu

101 2147 293 2192 suppletae
324 2149 486 2195 legiones
525 2147 734 2195 angebant&
789 2151 1043 2186 Insolentiora
1078 2158 1176 2196 sunt,
1205 2163 1292 2187 cum
1319 2153 1365 2188 ad
1392 2154 1456 2189 in-

101 2204 228 2240 anima
252 2205 463 2241 referantur
489 2207 701 2254 participia,
727 2213 824 2257 quae
849 2217 1079 2259 sequuntur:
1130 2211 1233 2247 Ann.
1251 2217 1283 2257 1,
1299 2217 1345 2252 59
1378 2217 1457 2247 Ar-

100 2264 258 2299 minium
286 2277 396 2311 super
419 2267 573 2300 insitam
598 2268 816 2302 violentiam
844 2275 955 2315 rapta
980 2282 1084 2312 uxor,
1109 2269 1301 2313 subjectus
1333 2274 1455 2307 servi-

99 2323 149 2357 tio
175 2326 301 2358 uxoris
326 2331 451 2359 uterus
474 2325 670 2361 vecordem
700 2326 888 2373 agebant;
922 2333 956 2370 3,
973 2325 1019 2364 54
1050 2329 1164 2374 hanc,
1197 2336 1330 2375 patres
1363 2342 1454 2366 con-

102 2391 197 2429 scr.,
215 2393 349 2417 curam
374 2385 529 2421 sustinet
547 2386 749 2431 princeps;
774 2386 872 2420 haec
901 2388 1040 2421 omissa
1054 2386 1237 2432 funditus
1270 2400 1347 2422 rem
1374 2402 1452 2434 pu·-

101 2436 248 2489 blicam*
257 2442 379 2476 trahet
387 2457 399 2485 ;
424 2441 458 2485 6,
474 2445 518 2481 27
543 2455 664 2491 genus
689 2445 744 2479 illi
761 2444 950 2488 decorum,
965 2445 1096 2480 vivida
1109 2452 1299 2490 senectus5
1326 2453 1359 2481 et
1375 2460 1452 2482 non

96 2499 280 2542 permissa
307 2503 507 2546 provincia
548 2502 809 2550 dignationem
850 2503 1054 2540 addiderat
1064 2519 1086 2545 ;.
1116 2505 1235 2548 16,16
1264 2508 1451 2552 patientia
1513 2551 1515 2553 ι

100 2557 245 2590 servilis
269 2564 487 2607 tantumque
512 2564 709 2609 sanguinis
732 2562 834 2598 domi
854 2562 1062 2608 perditurus
1061 2562 1240 2610 fatigant
1254 2566 1426 2599 animum
1435 2580 1449 2609 ;

98 2613 246 2658 Hist.3,
262 2620 307 2652 32
333 2621 437 2653 auxit
460 2620 644 2656 invidiam
671 2621 811 2656 editum
837 2622 916 2655 illic
945 2633 970 2656 a
997 2624 1157 2657 Caecina
1179 2622 1448 2668 gladiatorum

97 2674 366 2719 spectaculum,
393 2677 597 2725 eademque
621 2691 752 2714 rursus
778 2678 865 2732 belli
898 2679 1016 2724 sedes,
1045 2687 1078 2715 et
1097 2679 1264 2726 praebiti
1294 2682 1334 2715 in
1366 2682 1449 2715 acie

101 2732 315 2768 Vitellianis
340 2733 425 2780 cibi,
452 2747 586 2773 caesae
618 2737 808 2785 quaedam
827 2737 1009 2784 feminae
1038 2738 1162 2774 studio
1192 2739 1365 2784 partium
1390 2738 1445 2774 ad

467 2808 470 2812 ¹
564 2797 573 2813 '
1098 2798 1163 2832 Y2
