1702 2982
549 170 668 218 Dare
727 172 914 221 Dativus
1321 185 1408 230 139

55 282 144 319 niae
167 275 353 333 familiae
374 253 488 327 —fut
521 285 720 335 „cytheram
745 289 875 336 potius
906 289 1144 339 concedet-eu
1173 292 1210 340 4,
1225 299 1272 336 55
1310 300 1410 345 ἵξῃ-.-

55 339 171 377 rheno
201 341 348 391 datum,
381 338 502 381 novas
525 351 568 382 ut
594 346 769 384 conderet
799 347 927 394 sedes3
957 354 993 394 3,
1007 354 1054 396 23
1085 355 1231 390 Scauro
1262 355 1412 402 datum,

53 411 103 435 ne
134 399 237 438 bona
263 401 561 450 publicarentur.
586 422 635 432 ·-·
682 404 808 458 Etiam
837 406 923 444 sine
947 407 1083 450 dativo
1108 408 1283 450 absolute
1305 414 1412 454 Ann.

54 463 90 505 3,
117 459 164 501 67
197 462 316 508 nellue
347 459 518 507 refellere
551 470 619 502 aut
651 464 801 502 eludere
835 464 1028 511 dabatur5
1069 473 1126 513 12,
1147 474 1192 508 12
1225 481 1430 520 quantum'

52 518 134 553 sine
157 514 251 556 bello
277 517 465 567 dabatur;
499 518 557 568 14,
569 517 617 562 47
649 523 690 559 in
714 530 897 570 quantum
921 527 1221 575 praeumbrante
1243 532 1414 580 impera-

52 578 144 612 toris
161 575 329 626 fastigio
362 576 499 628 datur,
533 581 676 617 clarus.
713 580 780 619 'Ita
804 583 903 620 Plin.
936 587 1028 622 Pau.
1049 590 1097 626 50
1130 586 1247 624 datur
1276 591 1414 627 intueri

40 635 330 682 pulcherrimas
360 637 488 676 aedes.
513 658 562 666 —-
607 639 799 679 Hostilem
831 649 965 687 contra
995 647 1061 683 vel
1092 645 1295 685 inimicum
1326 650 1414 686 ani-

49 703 158 729 mum
182 687 296 744 atque
320 703 585 746 contemptum
608 699 792 747 exprimit
818 700 965 748 dedere,
991 703 1096 741 Ann.
1111 710 1146 750 3,
1165 710 1211 746 23
1241 710 1410 754 Quirino,

49 751 160 796 cujus
193 761 365 793 senectae
396 763 510 804 atque
542 757 694 794 orbitati
717 779 766 786 —-
791 759 983 798 destinata
1014 764 1211 811 quondam
1246 778 1343 803 uxor
1364 772 1410 806 L.

51 812 205 849 Caesari
227 834 277 842 --
301 813 517 862 dederetur,-
544 817 601 862 16,
618 823 662 857 10
688 818 838 855 audiret
862 822 1060 869 insontem,
1089 835 1182 860 neve
1207 826 1412 874 conlegam

49 867 201 907 dederet
240 870 372 908 liberto
380 889 394 918 ‚·
438 885 500 923 cp.
521 880 570 915 20
610 878 828 914 Minucium
852 899 901 907 -
935 882 1111 928 Tigellini
1152 884 1412 921 simultatibus

48 926 209 965 dedidit.
258 930 315 969 Cf.
350 931 428 970 Cic.
462 935 574 970 Rosc.
603 937 693 972 Am.
711 941 735 976 3
768 949 846 974 non
879 950 1103 977 recusamus
1134 943 1226 989 quin
1257 944 1412 993 illorum

47 986 202 1024 libidini
223 991 324 1025 Sexti
346 993 475 1027 Roscii
499 994 580 1029 vita
613 993 791 1031 dedatur.
841 996 1070 1035 Insolen'tius
1104 998 1221 1047 igitur
1253 1003 1412 1044 Tacitus

46 1044 141 1086 dare
162 1044 204 1082 in
227 1047 332 1084 hunc
354 1048 516 1087 modum
538 1063 742 1101 usurpasse
773 1053 928 1093 videtur
950 1057 1056 1094 Ann-
1075 1064 1108 1106 1,
1125 1065 1170 1098 10
1195 1073 1289 1097 sane
1316 1066 1410 1099 Cas-

2 1139 3 1142 ,
44 1105 92 1140 sii
115 1111 150 1140 et
172 1096 380 1143 Brutorum
415 1110 533 1146 exitus
567 1114 740 1158 paternis
772 1114 985 1151 inimicitiis.
1018 1116 1140 1154 datos.
1189 1119 1263 1156 Sed
1297 1133 1411 1173 prae-7

44 1164 149 1203 valet
171 1164 247 1200 hoc
272 1164 387 1201 etiam
410 1167 498 1204 I'oco
524 1174 704 1215 paternae
730 1172 894 1210 rationis
919 1173 1162 1222 significatio,
1189 1185 1233 1219 ut
1257 1179 1306 1217 sit
1329 1181 1409 1220 fere

40 1222 148 1266 patri
173 1221 320 1269 datum,
345 1232 388 1261 ut
409 1245 459 1254 —-
483 1229 794 1277 opprimerentur,
820 1242 892 1267 nec
917 1234 1000 1269 ullo
1025 1234 1141 1270 modo
1168 1236 1304 1275 dedere
1329 1240 1408 1276 dici

43 1270 240 1327 potuisset.
263 1282 306 1329 2)
325 1282 403 1333 i.q.
421 1285 594 1335 facere,
610 1288 792 1335 cedere,
813 1289 1094 1338 instituere,
1119 1294 1314 1344 afferre,
1340 1297 1428 1336 of-'

43 1338 64 1374 f
69 1349 143 1374 err
153 1351 186 1384 e,
210 1346 256 1376 ut
279 1353 342 1389 ap.
361 1343 506 1391 priores
528 1358 684 1396 quoque
707 1355 878 1398 stragem
904 1350 1009 1396 dare,
1037 1352 1204 1391 dolorem
1234 1356 1340 1404 dare,
1366 1361 1408 1395 in

43 1405 286 1446 conspectum
305 1400 399 1445 dare
415 1410 452 1441 et
473 1404 630 1451 similia,
650 1407 755 1444 Ann.
770 1409 826 1453 16,
843 1414 886 1447 13
905 1413 1075 1458 quotiens
1084 1412 1252 1460 fortuna
1271 1423 1407 1456 contra

43 1458 175 1504 daret,-
206 1458 305 1495 Hist.
323 1465 356 1506 1,
374 1461 422 1501 65
447 1465 481 1499 si
498 1463 667 1510 fortuna
694 1474 831 1503 contra
856 1467 977 1513 daret,
1009 1471 1118 1507 iratis
1146 1485 1194 1508 ne
1219 1475 1407 1523 relinqu&-

43 1525 186 1555 rentur.
234 1523 277 1566 3)
304 1519 332 1556 i.
346 1531 384 1568 q.
408 1523 702 1561 sententiam
729 1525 847 1566 dare
871 1532 916 1563 et
942 1526 1168 1568 absolute
1194 1532 1406 1581 quidem,

41 1574 254 1621 Ann.4,43
280 1580 335 1613 ita
358 1580 569 1618 secundum
593 1586 802 1620 Messenios
827 1585 961 1622 datum
986 1586 1013 1622 i.
1035 1599 1069 1623 e.
1096 1588 1304 1630 decretum.
1352 1595 1410 1641 Ita

42 1636 168 1680 Suet„
208 1635 305 1673 Plin.
337 1636 448 1683 maj„
493 1640 648 1677 Seneca.
690 1642 835 1681 >Simili
866 1645 985 1682 modo
1017 1648 1241 1688 Germanice
1272 1651 1408 1692 edictis

42 1693 232 1731 subscribi
258 1696 355 1731 solet
379 1693 608 1746 „gegebenfc

135 1750 359 1791 DATIVUS
393 1753 443 1790 in
475 1767 501 1791 u
534 1756 775 1796 desinens
814 1757 950 1797 Tacito
985 1761 1195 1803 admodum
1227 1767 1409 1819 frequens

40 1812 143 1847 Ann.
161 1818 193 1857 1,
215 1817 260 1851 10
294 1819 482 1851 extortum
520 1817 638 1853 invito
671 1825 845 1855 senatu
883 1821 1125 1861 consulatum
1162 1825 1283 1872 (Hist.
1302 1834 1337 1873 3,
1359 1831 1406 1871 60

39 1873 225 1916 senatui),·
252 1876 287 1915 3,
299 1876 346 1909 30
370 1873 498 1908 luxu
521 1877 693 1923 propi0r;
717 1888 778 1925 cp.
795 1876 843 1918 34
866 1890 996 1916 sexum
1021 1889 1164 1918 natura
1188 1887 1405 1925 invalidum

41 1928 174 1975 deseri,
203 1937 238 1966 et
261 1934 396 1979 exponi
419 1945 489 1968 suo
505 1935 611 1980 luxu,
636 1937 879 1984 cupidinibus
903 1939 1038 1975 alienis
1046 1956 1060 1986 ‚-
1084 1940 1284 1988 Hist.2,71
1313 1947 1406 1983 luxu

39 1994 75 2023 et
98 1990 260 2036 saginae
279 1991 527 2039 mancipatus
550 2001 770 2043 emptasque
776 2011 790 2042 ‚·
823 1997 926 2033 Ann.
940 2003 975 2043 3,
992 2004 1039 2038 33
1071 2003 1308 2051 praesedisse
1330 2019 1406 2042 nu-

36 2047 324 2094 per-feminam
349 2054 520 2088 exercitio
546 2054 765 2100 cohortium,
801 2055 1013 2094 decursu
1039 2060 1251 2108 legionum,-
1285 2069 1341 2108 11,
1357 2071 1404 2104 32

37 2107 268 2142 Messallina
294 2111 542 2147 Lucullianos
575 2113 617 2147 in
641 2112 782 2159 hortm,
817 2116 931 2151 Silius
966 2117 1244 2158 dissimulando
1278 2131 1404 2160 metu

38 2164 94 2201 ad
125 2167 261 2202 munia
281 2165 370 2213 fori
401 2168 687 2217 digrediuntur,·
720 2177 778 2218 15,
794 2178 842 2215 59
874 2177 1099 2213 cruciatu
1133 2187 1202 2216 aut
1228 2186 1402 2230 praemio

38 2231 177 2261 cuncta
201 2227 336 2273 pervia
368 2238 447 2263 esse
478 2229 602 2275 (Anu.
618 2235 675 2275 12,
691 2231 737 2270 62
772 2239 809 2269 et
839 2233 939 2270 Hist.
956 2240 992 2280 2,
1011 2237 1058 2275 65
1089 2239 1228 2276 rectius
1260 2242 1405 2289 legitur

37 2286 264 2320 commeatui
285 2291 322 2321 et
343 2288 565 2334 comitatui).
614 2290 734 2338 Apud
755 2293 926 2343 reliquos
948 2295 1151 2344 scripto‘res
1173 2297 1218 2334 in
1241 2300 1403 2338 univer-

37 2353 125 2378 sum
147 2355 232 2380 raro
257 2350 464 2391 usurpatur
495 2346 590 2383 haec
623 2348 831 2398 scriptura3
865 2351 947 2400 ipse
973 2355 1122 2411 Caesar,
1156 2357 1226 2406 qui
1249 2360 1403 2407 saepius

38 2411 82 2436 ea
99 2401 240 2447 utitur,
268 2401 372 2438 nihil
403 2402 481 2439 fere
502 2404 617 2442 habet
643 2406 720 2445 nisi
747 2412 1000 2458 magistratu,
1029 2417 1215 2462 equitatu,
1242 2422 1404 2456 exercitu

38 2457 107 2504 (cf.
127 2460 173 2496 B.
188 2461 233 2495 G.
249 2466 281 2505 1,
294 2461 353 2498 16.
371 2465 431 2503 39.
450 2467 509 2500 52.
523 2462 584 2502 40.
597 2462 686 2513 46);
712 2476 814 2506 auct.
844 2468 938 2507 beni
961 2472 1046 2508 Afr.
1071 2472 1186 2522 cp.47
1212 2489 1284 2512 usu
1313 2491 1403 2516 esse.

36 2516 139 2554 Vide
175 2516 368 2557 Drakenb.
406 2519 456 2557 ad
499 2521 584 2561 Liv.
615 2522 674 2572 24,
703 2531 759 2573 19,
791 2528 828 2567 6.
885 2529 1127 2577 Syntaxis
1166 2533 1332 2575 dativi
1354 2538 1402 2584 ⁸¹)

73 2653 109 2697 θ’)
135 2656 189 2689 Cf.
212 2657 388 2692 Giintheri
414 2669 742 2701 commentationem
777 2681 883 2712 supra
910 2675 1084 2706 laudatam
1117 2678 1156 2707 in
1185 2679 1399 2710 wachomu—

138 2705 205 2736 thii
229 2706 362 2739 Athen·
374 2711 418 2751 11,
446 2721 480 2750 p.
495 2716 564 2749 274
576 2724 648 2756 sqq.
