1702 2982
932 66 938 85 l

265 189 351 239 {62
702 179 910 233 Dividere
937 213 994 221 ——-
1024 184 1192 280 Donus
1234 215 1240 224 ι

274 305 442 343 §iliorum
467 296 735 340 diversitatem.
771 299 873 338 Vide
901 311 997 350 quae
1023 298 1307 337 accuratissime
1330 297 1379 336 de
1402 298 1637 344 discrimine-

273 364 378 415 quod
403 360 601 398 intercedit
623 359 723 397 inter
739 361 878 397 'varius
902 365 941 397 et
965 358 1137 396 diversus
1168 357 1349 407 exposuit
1378 358 1556 402 Doederl.
1578 357 1623 394 in

276 423 422 471 Synon.
434 421 496 456 111.
522 432 562 467 p.
576 419 647 461 269
658 430 744 468 sqq.

367 478 603 517 DIVIDERE
623 477 696 526 i.q.
715 486 986 521 secernere,
1013 475 1274 525 sejungere
1289 476 1394 514 Ann.
1410 471 1504 520 1,]ιὸ
1523 475 1620 522 divi-

278 541 355 577 dite
366 537 556 581 turbidos,·
572 541 664 581 3,115
681 536 883 584 paullatim
899 528 1088 583 segregari
1098 549 1122 571 a
1141 538 1289 580 marito,
1309 534 1475 571 dividere
1491 533 1626 582 defen-

280 601 423 636 sionem
450 595 598 643 (suam)
610 595 763 642 ’σοφίη
787 591 815 628 i.
828 606 866 641 q.
887 593 909 628 d
923 593 933 627 i
946 593 1189 640 stinguere
1212 595 1315 630 Ann.
1332 599 1388 637 13,
1403 597 1446 634 27
1458 594 1624 642 dignita-

276 666 352 695 tem
378 656 551 693 ordinum
577 652 798 689 dividerent.
815 650 821 655 ”
837 651 894 688 ef.
913 651 987 688 Cic.
1005 652 1106 687 Orat.
1120 657 1166 690 32
1193 665 1277 687 cum
1303 652 1480 700 ambigue
1502 653 1625 688 multa

276 718 467 760 dicantur,
494 711 676 761 quomodo
702 710 865 759 quidque
900 723 1025 746 eorum
1057 710 1177 746 dividi
1210 710 1478 758 explanarique
1510 723 1624 759 opor—

278 783 378 819 teat,·
408 776 569 822 Legg.1,
586 769 631 808 16
664 770 769 817 atqui
799 774 868 805 nos
893 769 1010 817 legem
1037 767 1179 804 bonam
1213 780 1239 803 a
1262 764 1369 805 mala
1404 770 1513 804 nulla
1543 770 1625 812 alia

277 835 354 871 nisi
376 839 538 869 naturae
562 840 697 865 norma
725 827 893 863 dividere
915 839 1136 875 possumus;
1166 827 1245 863 Att.
1259 832 1293 871 5,
1309 832 1354 866 20
1378 831 1556 874 Amanus
1578 846 1627 853 —-

280 893 491 942 Syriam-a
517 889 649 925 Cilicia
672 888 753 922 ima
785 898 974 934 aquarum
1010 885 1168 921 divortio
1203 885 1358 930 dividi13
1390 897 1460 934 pro
1491 887 1626 921 Flacco

277 963 338 999 cp.
354 949 400 989 26
438 952 541 994 Quae
579 944 810 994 (Massilia)
845 951 925 980 tam
958 945 1094 991 procul
1133 955 1158 978 a
1195 947 1426 984 Graecorum
1457 945 1625 980 omnium

276 1007 502 1058 regionibus,
529 1004 740 1051 disciplinis
765 1002 968 1050 linguaque
994 1002 1116 1038 divisa
1143 1004 1334 1049 (remota).
1408 1036 1411 1039 .

369 1065 652 1103 DIVORTIUM
677 1059 860 1109 peculiari
882 1072 1035 1108 prorsus
1056 1060 1171 1096 modo
1191 1072 1260 1108 pro
1282 1061 1377 1096 freto
1397 1060 1500 1095 Anu.
1511 1063 1568 1103 12,
1578 1058 1625 1097 63

277 1127 465 1163 artissimo
507 1124 604 1171 {nter
644 1124 839 1169 Europam
881 1120 1088 1168 Asiamque
1127 1118 1300 1155 divor-tiva
1357 1117 1416 1156 Cf.
1454 1117 1546 1156 dev
1554 1127 1626 1153 or-

276 1187 408 1222 tium.

367 1238 556 1278 DlURNA
578 1249 619 1276 v.
645 1243 764 1277 acta.

367 1297 743 1336 DOMINATIONES
768 1306 806 1332 v.
831 1292 887 1329 ab
899 1300 993 1330 stra
1005 1299 1091 1329 cta.

369 1357 593 1394 DOMINUS
625 1356 728 1391 Ann.
741 1357 776 1400 2,
793 1356 835 1392 87
870 1352 1002 1387 acerbe
1033 1352 1218 1399 increpuit
1247 1362 1324 1396 eos,-
1369 1353 1433 1399 qui
1473 1351 1624 1388 divinas

275 1417 536 1464 occupationes
561 1414 756 1461 ipsumque
782 1412 973 1447 dominum
1009 1410 1194 1447 dixerant.
1244 1409 1347 1456 Lips.
1382 1409 1424 1445 in
1457 1421 1540 1445 exc.
1567 1410 1623 1446 ad

275 1478 314 1512 h.
339 1478 365 1511 1.
401 1472 554 1521 probat,
587 1478 712 1519 patres
746 1482 768 1505 a
800 1469 947 1513 liberis,
982 1468 1115 1503 fratres
1147 1479 1168 1501 a
1199 1466 1399 1511 fratribus,
1434 1479 1575 1504 uxores
1600 1479 1623 1504 a

273 1532 420 1569 maritis
446 1540 726 1577 nonnunquam
759 1527 946 1571 dominos,
981 1526 1156 1562 dominas
1189 1527 1399 1573 appellatos
1429 1532 1522 1568 esse,
1555 1525 1621 1562 sed

273 1594 546 1639 imperatorum
581 1587 777 1622 dumtaxat
809 1597 918 1622 aevo.
967 1578 1166 1620 Poetarum
1200 1591 1287 1620 sunt
1329 1584 1426 1628 loci,
1472 1583 1541 1632 qui
1572 1582 1619 1620 ad

271 1651 401 1699 priora
424 1655 594 1694 tempora
628 1643 849 1691 respiciunt.
899 1642 1022 1678 Taciti
1052 1649 1170 1678 aetate
1201 1642 1278 1689 jam
1311 1641 1502 1678 comitatis
1534 1647 1621 1677 tan-

272 1716 354 1744 tum
396 1702 698 1750 urbanitatisque
737 1700 1006 1748 exprimendae
1041 1712 1153 1736 causa
1192 1699 1502 1749 frequentabatur
1539 1711 1619 1735 vox

261 1765 434 1802 domiui.
483 1763 540 1800 Cf.
576 1763 663 1797 Sen.
702 1759 820 1807 Epist.
844 1765 866 1796 3
902 1758 1029 1794 obuios
1068 1761 1101 1793 si
1132 1771 1265 1794 nomen
1309 1770 1385 1793 non
1417 1758 1618 1803 succurrit,

273 1826 445 1866 dominos
478 1822 704 1856 salutamus.
743 1817 806 1852 Ad
839 1817 964 1853 Taciti
1003 1819 1133 1852 locum
1167 1816 1438 1864 explicandum
1473 1815 1617 1863 optime

271 1880 444 1917 adhiberi
469 1884 593 1926 potest
617 1878 720 1912 Suet'.
747 1876 828 1911 Oct.
844 1879 890 1912 53
925 1875 1068 1910 domini
1101 1876 1389 1923 appellationem
1422 1881 1463 1909 ut
1496 1875 1618 1910 male-

272 1941 414 1976 dictum
441 1945 474 1972 et
507 1934 726 1983 opprobium
759 1945 904 1980 semper
927 1934 1128 1969 exhorruit.
1155 1952 1203 1960 --
1229 1933 1495 1980 dominumque
1519 1945 1618 1968 se—

270 1998 452 2045 appellari
478 2007 524 2029 ne
549 2005 573 2028 a
598 1992 723 2027 llberis
749 1992 898 2038 quidem
924 1998 991 2025 aut
1023 1992 1217 2038 nepotibus
1241 1994 1329 2035 suis,
1355 1992 1416 2027 vel
1438 1991 1531 2025 serio
1555 1990 1618 2026 vel

267 2054 365 2102 joco,
388 2064 524 2101 passus
549 2057 624 2086 est.-
650 2056 760 2097 atque
783 2048 999 2092 hujusmodi
1024 2048 1227 2086 blanditias
1252 2051 1366 2086 etiam
1393 2050 1490 2084 inter
1513 2050 1615 2096 ipsos

267 2113 469 2162 prohibuit.

362 2169 534 2207 DOMUS
561 2166 600 2213 1)
625 2162 955 2208 domicilium,
991 2176 1089 2213 quae
1113 2164 1265 2212 propria
1288 2171 1344 2201 est
1366 2163 1481 2211 huius
1504 2164 1614 2202 vocis

266 2228 500 2278 significatio,
533 2232 577 2261 ut
600 2236 750 2271 semper
781 2223 972 2269 exprimat
997 2222 1211 2258 aedificium
1236 2221 1277 2257 in
1306 2227 1384 2270 quo
1419 2221 1506 2271 quis
1540 2223 1611 2258 ha-

227 2294 231 2300 ”
264 2287 376 2332 bitat‚
415 2286 519 2321 unde
551 2283 716 2318 ferarum
748 2292 901 2329 quoque
936 2280 1071 2316 domus
1109 2286 1294 2317 vocantur
1327 2293 1350 2316 a
1375 2280 1514 2328 poetis;
1561 2280 1610 2317 de

265 2345 372 2382 ducis
396 2342 640 2379 tabernaculo
663 2342 765 2375 Ann.
783 2344 814 2382 1,
830 2343 877 2380 39
907 2340 1083 2374 vexillum
1108 2340 1150 2373 in
1174 2338 1284 2373 domo
1313 2340 1528 2375 Germanici
1552 2340 1608 2374 si·-

262 2412 356 2440 tum.
404 2402 445 2447 2)
479 2399 696 2447 saepissime
729 2409 789 2444 ap.
822 2396 996 2431 Tacitum
1039 2395 1319 2443 praeeuntibus,
1349 2396 1485 2443 prioris
1519 2396 1607 2433 aevi

265 2459 510 2509 scriptoribus
536 2457 704 2504 designat
727 2454 979 2498 familiam,
1005 2454 1174 2490 maxime
1192 2453 1442 2501 imperatoris.
1469 2455 1526 2493 ef.
1545 2455 1610 2491 in-
1668 2498 1670 2500 r

243 2526 316 2564 ,ter
353 2519 448 2554 alios
487 2517 629 2551 multos
662 2516 766 2561 locos
800 2510 991 2560 Agricdffi
1020 2513 1173 2560 placide
1214 2514 1402 2559 quiescas,
1450 2526 1603 2562 nosque,

259 2578 414 2614 domum
438 2583 544 2612 tuam
569 2593 616 2601 —-
641 2573 696 2608 acl
722 2573 1070 2619 contemplationem
1097 2573 1276 2607 virtutum
1302 2578 1456 2608 tuarum
1479 2584 1603 2617 voces,-

254 2638 356 2671 Ann.
371 2636 405 2679 6,
419 2633 466 2672 40
490 2633 639 2668 Blaesis
664 2629 887 2674 sacerdotia,
919 2631 1066 2678 integra
1090 2642 1215 2665 eorum
1252 2629 1363 2666 domo
1397 2630 1598 2676 destinata,

251 2692 434 2730 convulsa
468 2692 664 2729 distulerat
671 2705 686 2734 ;
717 2694 751 2734 3,
768 2684 815 2726 24
845 2688 1059 2724 inlustrium
1083 2687 1263 2730 domuum
1287 2687 1470 2734 adversa,-
1502 2693 1558 2733 12,
1575 2694 1594 2726 1
