1702 2982
614 130 626 152 Υ

508 202 568 248 de
598 200 763 267 libris
796 201 1088 252 historicis.
1406 216 1473 252 xv

115 320 356 367 Domitiani
374 319 588 366 interitum
619 321 780 376 (69—
798 322 856 376 96
886 340 929 385 p.
963 322 1017 368 C.
1047 330 1118 380 n.)
1149 335 1192 371 et
1221 327 1473 389 quatuorde-

115 392 196 438 cim
238 390 355 437 libris
388 392 660 454 conscriptae
699 391 829 438 fuisse
849 394 1083 454 sidentur,
1127 414 1223 441 cum
1259 397 1471 460 Hierony-

72 469 75 478 “
114 480 208 509 mus
225 470 262 517 1)
294 462 566 507 historiarum
597 463 897 529 annaliumque
921 465 1067 511 *libros
1104 467 1279 529 triginta
1300 470 1473 515 omnino

114 531 246 580 fuisse
278 533 403 580 dicat.
451 526 591 579 Nobis
623 534 735 597 proh
769 535 916 582 dolor!
952 549 1132 599 quatuor
1163 549 1326 584 tantum
1356 541 1470 602 prio—

110 621 180 652 res
217 615 260 651 et
298 604 433 668 quinti
469 605 753 669 aliqua'pars
794 619 1041 669 supersunt,
1082 609 1231 671 quibus
1270 610 1340 655 vix
1370 611 1471 657 anni

110 677 236 723 unius
267 687 309 722 et
339 693 414 722 sex
443 676 650 723 mensium
681 694 750 723 res
782 690 929 740 gestae
961 679 1292 735 continentur2).

229 747 341 794 Hoc·
365 748 533 793 demum
574 765 702 811 opere
742 749 927 811 perfecto
967 751 1151 796 sedecim
1192 753 1470 799 Annalium

111 817 245 863 libros
275 818 321 880 jn
351 819 487 864 lucem
518 820 705 883 protulit,
738 831 779 866 et
807 821 925 883 ipsos
955 839 1067 867 nunc
1098 822 1261 884 aliquot
1290 825 1354 869 sui
1373 841 1472 887 par-

109 889 223 935 tibus
254 889 423 936 mutilos
455 902 528 938 aut
559 891 745 937 omnimo
777 892 1032 955 deperditos.
1084 894 1325 941 Undecimo
1358 897 1490 942 enim'

109 959 219 1005 libro
255 979 321 1024 cp.
349 972 396 1006 11
440 963 496 1007 ad
535 962 668 1008 libros
706 963 979 1010 historiarum
1020 966 1170 1028 quibus
1207 984 1276 1012 res
1315 967 1469 1013 Domi-

58 1073 61 1076 ,
107 1032 213 1077 tiani
245 1035 530 1095 composuerit
556 1034 802 1099 respicienS,
834 1036 1010 1081 secundi
1033 1048 1174 1082 autem
1203 1038 1300 1084 libri
1329 1057 1395 1103 cp.
1412 1040 1465 1084 61

108 1102 355 1148 Romanum
393 1105 617 1167 imperium
655 1121 705 1150 eo
745 1106 838 1169 ipso
886 1123 970 1169 quo
1019 1109 1236 1171 scripserit
1278 1121 1469 1174 tempore

110 1176 167 1220 ad
193 1176 368 1220 rubrum
396 1192 512 1220 mare
542 1187 760 1238 patescere
792 1178 949 1234 dicens,
983 1179 1073 1242 ipse
1099 1181 1176 1225 sub
1200 1181 1327 1226 finem
1356 1183 1469 1227 Tra-

109 1245 199 1307 jani
221 1245 396 1291 annales
416 1263 514 1291 suos
531 1246 764 1293 confecisse
780 1247 895 1294 haud
912 1250 1088 1297 obscure
1105 1252 1275 1298 indicat.
1325 1253 1470 1300 Aliam

109 1333 284 1380 prorsus
316 1316 533 1362 annalium
566 1335 692 1379 quam
722 1317 995 1370 historiarum
1025 1324 1334 1387 rationenesse
1354 1324 1471 1371 haud

103 1388 280 1440 difficile
318 1399 385 1433 est
419 1387 651 1433 intellectu.
713 1390 812 1453 Ipse
855 1390 1034 1438 Tacitus
1068 1395 1260 1440 disertim
1290 1396 1467 1442 annales

106 1458 212 1522 quos
244 1470 371 1505 vocat·
401 1469 466 1517 (4,
488 1471 539 1504 31
566 1471 607 1505 et
627 1462 823 1525 saepius)
859 1479 885 1507 a
916 1475 1106 1509 veterum
1137 1465 1339 1511 historiae
1373 1484 1466 1512 mo-

104 1530 317 1575 numentis
346 1530 482 1593 planes
504 1531 697 1577 diversos
722 1550 817 1580 esse
847 1535 961 1592 dicit,
995 1552 1174 1597 quorum
1197 1537 1253 1582 ad
1279 1537 1468 1585 indolem

106 1601 283 1663 propius
327 1603 528 1648 accedunt
568 1603 769 1659 historiae
788 1613 840 1659 3).
900 1607 999 1652 Hae
1037 1599 1207 1670 quidem
1231 1624 1326 1653 eam
1351 1626 1466 1654 com-

107 1671 347 1734 plectuntur
377 1684 572 1728 aetatem,
605 1691 730 1735 quam
763 1676 856 1738 ipse
887 1678 1051 1727 viderat
1081 1678 1465 1742 observaveratque

108 1752 265 1797 auctor,
294 1752 336 1787 et
367 1742 550 1805 quinque
581 1744 701 1789 libris
736 1764 842 1809 quos
874 1749 1147 1811 possidemus
1169 1750 1465 1798 brevissimum

106 1813 308 1875 temporis
347 1813 531 1875 spatium
568 1814 742 1863 laetiore
784 1821 969 1881 quodam
1002 1821 1204 1866 orationis
1239 1839 1391 1883 genere
1423 1834 1466 1882 et

107 1883 303 1929 continua
344 1886 586 1936 narratione
632 1899 916 1949 pertractant;
971 1890 1163 1936 Annales
1208 1904 1354 1939 contra
1394 1911 1463 1940 res
1510 1927 1517 1931 κ

103 1955 202 2000 inde
234 1972 262 2001 a
291 1953 458 2002 Tih'erii
488 1957 665 2019 imperio
689 1976 823 2022 usque
848 1961 903 2006 ad
927 1960 1117 2009 Neronis
1142 1963 1296 2009 exitum
1318 1976 1461 2026 gestas

106 2037 388 2083 coarctantes,
421 2044 544 2072 suum
576 2046 765 2093 quaeque
797 2031 842 2076 in
874 2049 1033 2078 annum
1063 2033 1321 2092 referunt4),
1362 2053 1461 2082 con-

104 2097 274 2160 cisoque
310 2109 436 2164 atque
475 2099 704 2178 brevitatis⁸
735 2104 1093 2164 quaesitissimum
1132 2107 1318 2152 studium
1358 2126 1462 2171 prae

105 2185 152 2215 se
190 2169 350 2215 ferente
390 2170 558 2216 dicendi
594 2189 746 2234 genere
781 2176 1017 2234 notabiles,
1059 2175 1217 2238 ingenii
1260 2179 1460 2242 artisque,

181 2325 217 2372 ¹)
243 2326 458 2362 Comment.
485 2327 532 2362 ad
557 2328 674 2368 Zach.
701 2334 736 2373 3,
765 2328 822 2368 14.
871 2331 973 2368 Hinc
997 2333 1083 2369 cod.
1109 2334 1352 2383 Budenscin
1386 2335 1474 2374 fine.

244 2384 336 2420 libri
372 2386 498 2434 quarti
530 2387 665 2435 Histt.‚
704 2392 861 2427 Cornelii
897 2394 1020 2428 Taciti
1051 2393 1144 2429 liber
1176 2397 1257 2429 XX
1288 2395 1459 2441 explicit.

247 2445 386 2491 Incipit
412 2450 521 2481 XXI.

182 2503 219 2548 ²)
247 2503 302 2540 Cf.
328 2515 441 2551 super
465 2505 538 2542 hac
562 2518 602 2543 re
626 2508 833 2547 Walchius
859 2510 908 2547 ad
933 2512 1063 2561 Agric.
1090 2523 1151 2560 cp.
1178 2517 1200 2549 3
1226 2524 1265 2560 p.
1282 2518 1349 2551 130
1374 2525 1458 2563 sqq.

174 2562 212 2609 ³)
236 2564 293 2598 Ita
313 2563 415 2599 Plin.
442 2566 511 2613 Ep.
544 2571 584 2611 7,
610 2572 656 2605 33
694 2568 765 2605 hos
791 2569 911 2607 libros
939 2573 1113 2619 appellat.
1146 2585 1358 2620 „augurem
1387 2586 1457 2610 nec

247 2634 308 2658 me
314 2623 430 2669 fallit
446 2628 661 2674 augurium,
687 2628 865 2666 historias
889 2638 979 2666 tuas
1003 2633 1236 2667 immortales
1249 2631 1458 2678 futuras.“

244 2684 302 2718 De
326 2686 452 2720 annal.
478 2691 515 2720 et
541 2685 633 2723 hist.
659 2687 881 2727 discrimine
905 2690 997 2729 vide
1022 2693 1118 2727 Gell-
1144 2695 1179 2735 5,
1209 2696 1266 2729 18.

181 2742 217 2787 ⁴)
240 2743 291 2779 V.
314 2741 419 2779 Ann-
446 2741 482 2789 4,
509 2746 568 2786 71.
