1702 2982
457 276 461 279 μ
521 215 808 285 Redemptam
839 245 896 255 -—-
926 219 1107 291 Refeqe
1402 229 1488 275 403

141 332 275 370 eadem
297 330 545 374 illanotione
569 329 741 368 adhibita
765 325 904 369 dicitiu-
929 334 997 379 jus
1028 335 1185 372 reddere
1217 338 1301 383 (jus
1334 353 1490 390 respon-

142 391 229 428 dere
251 386 349 428 Plin.
363 389 492 438 Epist.
506 390 540 436 6,
557 394 601 429 15
622 382 984 438 'probareevidetun
1014 393 1080 436 jus
1103 395 1259 432 reddere
1283 397 1359 435 dici
1382 407 1490 438 more

139 449 304 498 poetico,
331 460 409 498 quo
433 447 590 484 reddere
613 447 715 485 idem
739 449 817 486 sere
841 456 897 490 est
921 451 1026 501 qnod
1051 454 1303 501 respondere),
1336 457 1391 494 ita
1415 458 1489 506 ju-

82 509 91 519 ‘
137 507 268 546 dicia
290 502 493 544 reddere
517 519 579 556 ap.
609 515 782 544 nostrum
813 515 870 546 est
902 508 1090 556 judicia
1122 523 1350 551 exercere
1381 519 1487 554 Anu.

135 571 170 612 ⁴1,
188 569 231 606 72
260 566 435 610 Tiberia-5,
464 568 697 603 consultante
715 564 891 615 P'ompejo
908 572 1042 606 Macro
1067 577 1239 618 praetore
1263 584 1316 614 an
1335 574 1487 618 judicia

133 619 343 669 majestatis
367 625 622 670 redderentur,
649 627 884 677 exercendas
910 620 1110 676 leges'esse
1133 631 1325 677 respondit
1333 647 1347 677 ,·
1371 634 1419 670 cf.
1438 635 1486 671 de

72 716 75 717 ⁷
132 684 264 719 eadem
287 696 328 720 re
356 685 458 720 Suet.
482 682 571 719 Tib;
585 687 630 722 58
658 687 872 722 consulente
899 694 1072 734 praetore
1105 701 1158 725 an
1188 689 1334 729 iudicia
1364 694 1487 737 maje-

80 782 82 784 ,
131 744 241 778 statis
266 742 349 791 cogi
377 742 531 790 juberet,
562 744 798 780 exercendas
831 757 910 780 esse
941 747 1042 794 leges
1074 748 1275 795 respondit,
1311 755 1345 786 et
1378 759 1486 788 atro-
1550 787 1552 791 ,

133 802 281 837 cissime
303 803 482 838 exercuit.
530 799 572 848 3)
598 802 890 841 imitatione
924 805 1195 855 effingere,
1229 807 1485 857 imaginem

131 866 170 896 et
191 859 312 898 vitam
337 859 493 909 quidem
525 859 651 909 ipsam
683 861 962 909 exprimentem
993 871 1107 915 atque
1140 866 1320 902 idoneam
1352 880 1484 915 prae-

131 925 263 957 stare
285 911 420 956 Dian
448 918 540 955 dum
575 918 748 962 formam
778 923 838 956 sui
869 924 1026 971 quisque
1058 931 1092 960 et
1125 927 1246 962 animi
1279 933 1314 961 et
1344 929 1485 976 ingenii

129 977 311 1015 redderet.
360 980 416 1014 Ita
441 983 577 1025 poetae
601 979 771 1015 maxime
800 986 838 1016 et
866 992 942 1030 arg.
969 988 1043 1017 aet.
1076 978 1282 1031 scriptores
1314 986 1485 1034 loquun-

127 1043 202 1073 tur.
238 1036 294 1074 Cf.
320 1036 484 1084 Quintil.
499 1042 532 1081 1,
550 1042 582 1077 1,
597 1037 620 1074 6
643 1039 765 1074 Laelii
781 1037 876 1082 filia
905 1041 1112 1077 reddidisse
1135 1044 1175 1078 in
1199 1044 1386 1090 loquendo
1410 1055 1484 1095 pa-

80 1084 83 1094 ’
127 1101 277 1132 ternam
301 1097 548 1143 eloquentiam
575 1096 738 1138 dic-itum
767 1095 869 1133 Plin.
895 1099 1013 1146 Epist.
1025 1104 1060 1144 9,
1076 1105 1122 1138 22
1158 1103 1199 1138 in
1225 1103 1357 1147 litteris
1381 1094 1484 1140 vete-

77 1199 80 1201 ,
126 1166 186 1191 res
220 1155 453 1199 aemulatur,
491 1156 690 1203 exprimit,
728 1156 874 1197 reddit;
910 1158 976 1194 sed
1011 1159 1115 1196 Curt.
1154 1172 1310 1210 quoque
1342 1167 1378 1206 3,
1403 1168 1437 1209 2,
1458 1168 1481 1202 5
1528 1165 1540 1177 ⁴

101 1232 104 1235 Δ
127 1212 230 1250 dixit
252 1207 432 1250 *reddere
448 1215 609 1261 speciem
642 1217 707 1259 rei,
742 1218 780 1251 e't
815 1216 963 1252 Graeca
988 1219 1123 1254 Latine
1147 1219 1304 1256 reddere
1328 1232 1388 1268 ap.
1416 1222 1481 1259 Ci-

125 1283 302 1308 ceronem
332 1271 493 1309 eandem
517 1272 605 1323 *fere
637 1273 1057 1323 notionem-exprimit.
1105 1275 1149 1324 4)
1175 1278 1269 1316 Inde
1295 1286 1352 1316 est
1375 1292 1481 1316 nar-

125 1340 250 1375 rare,
277 1341 543 1379 exponere,
579 1343 625 1367 ea
649 1331 770 1380 quasi,
797 1343 896 1381 quae
921 1332 969 1368 ab
993 1334 1079 1371 aliis
1104 1336 1236 1373 audita
1259 1339 1325 1376 vel
1349 1338 1391 1374 in
1414 1351 1482 1376 su-

123 1387 340 1436 perioribus
371 1389 511 1425 omissa
542 1389 726 1426 debemus
764 1390 981 1438 legentibus
1014 1392 1206 1441 Ann.2,·4
1240 1397 1342 1443 quod
1376 1399 1481 1434 ludi—

124 1447 249 1483 brium
273 1454 315 1482 ut
339 1445 504 1496 effugere
528 1450 731 1497 agitaverit
749 1453 933 1494 Vonones,
960 1452 1002 1487 in
1026 1453 1106 1488 loco
1131 1454 1335 1491 reddemus
1342 1473 1355 1501 ‚·
1380 1457 1479 1493 Hist.

123 1503 159 1551 Δ,
174 1506 220 1546 67
246 1505 380 1554 quibus
405 1506 553 1543 artibus
576 1527 625 1535 —-
647 1509 767 1544 vitam
788 1521 859 1555 per
882 1520 1017 1546 novem
1052 1523 1148 1554 mox
1183 1524 1307 1549 annos
1340 1515 1479 1551 tradu-

123 1566 237 1608 oeerit,
262 1565 378 1600 simul
399 1566 611 1602 amicorum
636 1566 716 1611 ejus
741 1564 996 1605 constantiam
1022 1576 1056 1605 et
1080 1572 1229 1619 insigne
1249 1575 1480 1621 Epponinae

122 1624 259 1661 uxoris
283 1625 511 1670 exemplum,
545 1636 611 1660 suo
647 1626 726 1661 loco
761 1626 974 1663 reddemus.
1024 1628 1078 1666 Cf.
1107 1630 1186 1667 cic.
1210 1631 1317 1667 Brut.
1332 1630 1379 1672 74
1403 1633 1479 1670 Sed

117 1693 254 1731 perge,
282 1684 478 1730 Pomponi,
518 1682 564 1718 de
601 1687 771 1729 Caesare,
809 1693 843 1721 et
880 1686 997 1722 redde
1033 1701 1129 1735 quae
1166 1695 1311 1725 restant
1318 1706 1332 1735 ;
1371 1690 1489 1728 Cart(

123 1748 157 1783 5,
182 1748 216 1786 1,
240 1747 259 1779 1
298 1753 395 1790 quae
429 1743 577 1777 interim
614 1755 662 1770 -·-
695 1745 737 1779 ὶη
777 1737 930 1781 Graecis
965 1758 1014 1774 -·-’-
1045 1755 1155 1794 gesta
1190 1756 1291 1793 sunt,
1330 1752 1363 1784 si
1398 1753 1478 1786 suis

122 1812 291 1850 quaeque
321 1800 548 1848 temporibus
581 1801 738 1837 reddere
768 1804 918 1853 voluero
926 1817 939 1844 ,-
972 1804 1202 1851 Quintil-10,
1219 1812 1252 1851 1,
1270 1810 1314 1847 75
1347 1812 1478 1845 Xeno-

120 1861 222 1908 phon
247 1872 324 1895 non
349 1859 492 1895 excidit
516 1860 621 1906 mihi,
653 1861 722 1896 sed
752 1859 1119 1910 inter-*philosophos
1150 1866 1370 1902 reddendus
1403 1875 1478 1914 est,-

121 1918 220 1955 Plin.
246 1919 296 1953 H.
322 1919 368 1953 N.
384 1923 440 1961 13,
458 1922 476 1955 1
502 1926 645 1962 natura
668 1940 716 1947 -
740 1930 869 1956 eorum
893 1922 974 1955 suis
1000 1922 1178 1958 reddetur
1203 1926 1307 1961 locis.

215 1977 547 2012 REDEMPTARE
578 1975 748 2026 ἄπαξλεγ.
780 1978 879 2015 Histf
894 1984 928 2023 3,
943 1977 991 2018 34
1023 1993 1048 2016 α
1071 1984 1295 2032 propinquis
1327 1986 1477 2033 adfini-

121 2031 270 2084 busque*
287 2037 430 2071 occulte
453 2037 800 2084 redemptabantur.
858 2051 862 2059 ¹

214 2095 593 2131 REDINTEGRARE
620 2096 783 2144 1>vi1lg.
812 2095 911 2145 sign.
935 2101 1213 2137 renovandi
1237 2101 1343 2139 Ann.
1361 2110 1476 2148 11,15

119 2153 396 2201 redintegratas
421 2156 690 2200 caerimonias;
724 2161 781 2200 13,
796 2159 842 2196 37
868 2155 1125 2205 redintegrata
1156 2163 1350 2207 amicitia3
1374 2163 1475 2199 Hist.
1528 2190 1530 2192 >

118 2209 218 2256 4,34
249 2211 507 2259 redintegrata
540 2216 632 2251 acie.
670 2215 725 2262 2)
758 2226 1004 2259 recreare,
1039 2217 1250 2255 reficere
1282 2227 1338 2257 est
1369 2222 1476 2257 Ann.

119 2268 155 2315 4,
170 2276 216 2309 33
240 2272 335 2306 situs
357 2274 541 2319 gentium,
566 2275 767 2309 varietates
785 2275 1029 2320 proeliorum,
1057 2277 1158 2311 clari
1182 2277 1324 2315 ducum
1350 2282 1476 2316 exitus

119 2331 278 2365 retinent
302 2340 352 2365 ac
375 2330 633 2380 redintegrant
658 2333 861 2382 legentium
887 2333 1072 2370 animum.
1123 2335 1180 2372 cst
1208 2339 1332 2374 Varro
1358 2341 1401 2374 R.
1427 2340 1472 2375 R.

120 2393 155 2430 3,
170 2390 191 2427 7
217 2389 288 2434 quo
314 2387 430 2425 libero
464 2392 563 2434 ae're,
597 2403 685 2427 cum
720 2393 882 2428 eaeierint
917 2393 957 2427 in
992 2403 1118 2438 agroS,
1154 2395 1454 2444 redintegrentur
1461 2414 1475 2442 ;

123 2444 200 2482 Cic.
226 2445 309 2482 inv.
325 2450 357 2490 1,
371 2452 417 2484 52
438 2448 625 2484 auditoris
658 2444 914 2486 memoria—'-
938 2450 1280 2500 redintegrabitur;
1318 2455 1384 2491 sed
1409 2456 1475 2492 hic

119 2505 228 2539 locus
252 2505 371 2552 magis
396 2506 444 2540 ad
473 2506 639 2554 priorem
665 2508 763 2556 sign.
789 2509 965 2556 pertinet,-
992 2510 1092 2554 sicut
1114 2512 1250 2557 Liv.3,
1267 2514 1315 2551 56
1342 2515 1474 2550 redin-

118 2568 268 2610 tegrata
293 2565 478 2610 extemplo
504 2573 558 2601 est
580 2567 752 2602 omnibus
776 2570 958 2603 memoria
984 2568 1242 2615 foedissimae
1265 2563 1472 2619 potestatis.

215 2622 428 2658 REFERRE
457 2624 791 2671 (cf..redde1·'e)
826 2625 866 2672 1)
899 2637 946 2662 se
978 2628 1165 2664 referre
1202 2641 1272 2676 pro
1307 2630 1474 2668 redire

122 2678 227 2715 Ann.
243 2685 300 2725 13,
315 2685 361 2718 32
387 2682 450 2728 qui
475 2694 593 2718 ovans
625 2696 664 2718 se
690 2684 736 2720 de
759 2687 956 2721 Britannis
980 2687 1130 2721 rettulit.
1179 2688 1329 2723 Poetica
1362 2691 1474 2726 locu-

123 2737 177 2773 tio
202 2744 270 2774 est.
317 2738 417 2775 Vide
442 2748 539 2788 quae
562 2741 689 2777 attulit
714 2743 830 2778 Gron.
856 2742 904 2778 ad
929 2744 969 2779 h.
981 2745 1010 2780 1.
1034 2755 1084 2779 ex
1104 2747 1235 2782 Horat.
1251 2753 1296 2783 'et
1308 2747 1473 2797 Virgilio

1083 2814 1182 2874 002
