1702 2982
1116 106 1124 118 k
1169 106 1181 136 s

139 169 192 215 de
213 169 362 216 ceteris
388 171 535 217 Taciti
554 171 598 216 in
619 174 914 236 componenda
936 173 1035 221 hist.
1057 177 1293 223 virtutibuS.
1325 186 1492 224 XXXVII

137 287 323 334 dicendi
346 290 620 338 mutavimus
639 307 799 352 genus,
832 300 879 337 et
901 294 1030 338 ultra
1049 295 1182 339 nobis
1203 313 1342 357 quam
1363 313 1492 357 opor-

136 360 269 405 tabat
297 360 582 406 indulsimus.
613 362 684 407 ita
722 379 815 407 non
853 371 953 408 tam
990 365 1169 426 ingenio
1202 367 1274 411 illi
1298 384 1383 412 nos
1415 384 1473 412 su

129 437 377 492 perurunt,
415 448 556 494 quam
587 435 874 493 ρνοροειᾝίο
909 436 1063 481 Multa
1092 452 1196 497 ergo
1230 438 1383 483 li'celnt
1414 440 1491 484 eli—

132 520 266 565 gere:
293 503 383 548 sed
408 504 664 548 curandum
705 506 811 560 erit,
858 522 916 550 ne
946 508 1016 572 iis,
1049 507 1212 571 quibus
1246 510 1492 568 permixta

135 581 256 630 sunt,
287 574 592 636 inquinentur.
662 576 908 635 Quosdam
941 594 1046 623 vero
1080 578 1242 635 etiam,
1274 597 1389 642 quos
1422 590 1490 636 to,-

134 651 206 690 tos
226 644 408 689 imitari
431 642 663 706 oporteat,
696 653 742 692 et
756 648 920 708 juisse
950 664 1110 709 nuper,
1145 657 1191 694 et
1221 668 1343 696 nunc
1374 668 1489 710 esse,

133 715 294 778 quidni
309 716 504 773 libenter
524 734 616 763 non
647 722 954 764 concesserim
985 722 1136 777 modo,
1172 738 1328 769 oerum
1349 724 1491 768 etiam

132 786 514 843 contenderim?“
562 788 828 849 Quibuscum
850 790 1123 837 conferantur
1144 810 1252 855 quae
1274 794 1367 857 ipse
1388 811 1490 846 nos-

134 869 200 905 ter
233 858 468 904 rectissime
498 860 659 921 judicat
691 861 743 906 de
774 873 963 908 veterum
991 865 1357 928 recentiorumque
1387 867 1490 911 scri-

132 942 302 994 ptorum
330 929 474 976 indole
505 931 551 976 in
581 931 754 994 dialogo
786 933 838 978 de
878 935 1135 980 oratoribus.
1179 936 1381 983 Tacitum
1403 937 1490 983 elo-

133 1002 326 1066 quentiae
358 1002 714 1048 studiosissimum
737 1003 934 1051 Ciceroni
964 1006 1147 1068 legendo
1179 1025 1353 1071 operam
1383 1008 1491 1054 mul-

131 1085 221 1119 tam
249 1090 447 1135 navasse,
478 1073 671 1136 plurimis
701 1076 911 1139 probatur
950 1078 1090 1123 verbis
1132 1090 1260 1141 atque
1300 1091 1491 1126 constru-

133 1145 368 1201 ctionibus,=
388 1162 495 1207 quae
527 1145 565 1191 ei
595 1163 690 1191 cum
722 1146 802 1193 hoc
823 1149 1095 1211 potissimum
1117 1150 1359 1195 communia
1380 1162 1490 1196 sunt.

119 1215 204 1262 -Cf.
225 1234 262 1262 e.
282 1235 324 1278 g.
342 1217 527 1272 abdere,
551 1234 703 1274 avere,
725 1219 1118 1279 complementum,
1141 1221 1356 1283 ejsector,
1380 1223 1492 1268 elin-

129 1290 256 1350 guis,
290 1287 504 1349 grandis,
546 1288 806 1346 inclinatio,
846 1290 1127 1348 individuus,
1165 1292 1391 1349 indolere,
1424 1294 1489 1338 in-

133 1353 410 1414 exhaustus,
448 1359 695 1419 inglorius,
733 1361 1078 1422 ingravescere,
1115 1364 1267 1419 incus,
1306 1365 1491 1425 ingredi,

132 1431 444 1492 introspicere,
468 1431 622 1487 libido,
656 1432 876 1490 lubricus,
902 1434 1144 1494 profluere,
1166 1436 1492 1491 sanctimonia,

133 1509 281 1557 torus,
328 1496 577 1562 virginitas.
639 1502 700 1547 Et
742 1515 902 1567 quanto
942 1505 987 1550 in
1027 1505 1191 1551 honore
1232 1505 1315 1551 hac
1356 1506 1493 1551 aetate

130 1573 287 1619 fuerint
308 1570 526 1618 Ciceronis
547 1573 658 1630 libri,
676 1574 845 1622 Plinius
869 1587 1014 1622 auctor
1033 1589 1099 1623 est
1117 1578 1163 1623 in
1183 1577 1225 1623 h.
1247 1589 1335 1624 nat.
1357 1577 1492 1640 praef.

133 1644 208 1689 uhi
236 1643 337 1688 dicit
365 1643 644 1699 „Ciceronis
679 1647 913 1692 volumina
943 1648 1001 1692 de
1030 1649 1288 1710 republica,
1329 1665 1491 1694 conso-

137 1715 248 1760 latio
273 1714 422 1774 filiae,
455 1713 512 1758 de
533 1715 696 1777 cffficiis
729 1717 992 1774 ediscenda,
1025 1736 1117 1773 non
1147 1721 1284 1769 modo
1317 1721 1365 1765 in
1396 1737 1492 1764 ma-

135 1785 267 1831 nibus
298 1784 498 1847 quotidie
527 1784 756 1835 habenda.
771 1794 799 1814 “
859 1789 1075 1851 Magnum
1105 1790 1220 1837 haud
1251 1791 1376 1837 dubie
1407 1802 1492 1836 stu-

135 1854 426 1919 diumftribuit
454 1855 704 1904 Sallustii
733 1857 981 1923 Liviique
1012 1861 1279 1919 historiis,
1320 1873 1363 1908 et
1402 1878 1492 1906 ma-

133 1927 242 1973 xime
273 1926 416 1971 stilum
447 1943 591 1978 eorum
622 1928 818 1974 laudibus
852 1931 1016 1977 extollit
1046 1933 1159 1978 Ann.
1183 1945 1224 1990 3,
1249 1943 1324 1988 303
1346 1933 1495 1994 Agric.

138 2008 206 2044 10.
267 1998 391 2058 Quae
422 1998 587 2044 Seneca
606 2005 648 2055 ¹)
681 2000 723 2044 in
755 2001 998 2047 universum
1031 2004 1082 2049 de
1122 2005 1315 2052 Sallustii
1354 2004 1494 2049 imita-

133 2069 593 2133 toribusunominatim
625 2071 678 2116 de
708 2071 913 2118 Arruntio
945 2075 1088 2130 tradit,
1120 2075 1165 2121 in
1199 2077 1401 2122 Tacitum
1432 2087 1493 2122 et-

131 2141 219 2187 iam
251 2141 407 2186 cadunt
435 2140 517 2197 ita,
565 2153 613 2187 ut
641 2142 774 2188 multa
804 2162 856 2189 ex
885 2144 1010 2206 hujus
1044 2148 1262 2211 scriptoris
1302 2147 1496 2192 oratione

135 2206 279 2257 stilum
309 2212 401 2272 ejus
433 2213 615 2258 traxisse
647 2214 848 2272 dicamus,
879 2217 963 2261 nisi
995 2219 1111 2279 quod
1140 2219 1280 2265 minus
1312 2219 1493 2281 antiqui-

135 2283 238 2328 tatis
269 2300 365 2328 eum
396 2284 535 2329 studio
565 2285 794 2331 indulsisse
827 2300 1023 2350 apparet
1085 2290 1155 2335 Ad
1184 2290 1359 2337 Livium
1399 2307 1494 2336 cum

167 2427 202 2474 ¹)
228 2427 348 2475 Epist.
369 2425 438 2466 114
463 2431 574 2464 Haec
597 2431 692 2465 vitia
717 2443 817 2466 unus
842 2433 981 2481 aliquis
1007 2434 1174 2480 inducit,
1209 2435 1279 2472 sub
1306 2448 1378 2484 quo
1403 2442 1496 2471 tunc

232 2489 444 2535 eloquentia
477 2495 551 2533 est;
585 2492 697 2525 ceteri
729 2492 948 2539 imitantur,
987 2501 1023 2528 et
1057 2495 1155 2530 alter
1187 2497 1296 2542 alteri
1321 2496 1494 2532 tradunt.

233 2549 296 2583 Sic
326 2549 508 2584 Sallustio
539 2549 688 2596 vigente
722 2558 945 2598 amputatae
976 2557 1180 2590 sententiae
1208 2563 1242 2591 et
1265 2556 1383 2593 verba
1408 2562 1496 2591 ante

234 2614 501 2654 exspectatum
519 2608 709 2655 cadentia,
736 2618 772 2645 et
788 2610 952 2647 obscura
967 2612 1133 2650 brevitas
1148 2615 1265 2662 fuere
1282 2628 1349 2662 pro
1377 2615 1496 2651 cultu.

245 2669 453 2703 Arruntius
476 2670 537 2703 vir
560 2680 674 2703 rarae
685 2667 943 2718 frugalitatis,
970 2675 1034 2721 qui
1058 2674 1234 2711 historias
1259 2675 1348 2711 ‘belli
1372 2677 1506 2711 Punici

255 2727 421 2774 scripsit,
438 2726 522 2775 suit
546 2729 802 2766 Sallustianus
827 2738 861 2767 et
884 2734 925 2767 ὶη
949 2733 1047 2769 illud
1067 2746 1190 2782 genus
1213 2738 1346 2772 nitens.
