1702 2982
268 231 412 266 LXXIV
734 223 1132 287 prolegomena

266 357 316 386 ac
343 343 566 403 majestate
585 340 720 388 *altius
737 344 1019 407 grandiusque
1039 346 1146 407 nihil
1177 359 1476 409 agnoscentem
1506 348 1607 414 pro-
1623 367 1635 419 j

265 424 465 457 secutum·
483 430 573 459 esse
603 414 792 459 videmus
826 433 1089 462 communem
1116 418 1303 464 omnium
1323 423 1606 485 corruptelam

262 493 304 527 et
350 483 404 527 ad
447 483 658 529 interitum
702 502 882 546 pronam
923 487 1152 546 civitatem,
1198 490 1258 535 ita
1297 490 1451 538 Tacito
1492 493 1607 541 haud

263 569 364 599 sane
384 555 684 616 exprobramus
707 572 897 602 amaram
920 561 1131 619 quandam
1154 561 1324 606 dolendi
1346 565 1607 627 voluptatem

259 624 460 685 illamque
503 627 725 671 verborum
766 629 1062 693 parcissimam
1103 632 1457 693 indignationem,
1493 653 1605 699 qua,
1642 626 1648 632 '

258 713 312 740 ne
365 697 624 742 Suetoniana
680 699 868 743 ubertate
923 699 1167 746 foedissima
1192 750 1196 763 ἱ
1227 719 1416 766 quaeque
1465 706 1602 753 fflsins

257 779 478 812 enarrante
510 779 653 814 oneret
683 780 724 813 et
755 785 876 814 suam
898 781 937 815 et
958 771 1182 832 legentium
1203 775 1474 836 patientiam,
1505 778 1603 841 plus

217 890 230 902 l
258 837 466 898 significat
497 837 742 901 plerumque
775 857 901 902 quam
931 841 1129 904 loquitur.
1540 864 1544 868 ·

376 910 461 968 ¹Sed
499 910 749 971 expositoris
787 915 875 972 jam
914 914 1038 958 nobis
1076 914 1438 975 ingeniosissimae
1477 918 1601 981 hujus

256 979 474 1024 brevitatis
516 980 705 1026 indolem
750 998 800 1028 ac
846 984 1053 1028 rationem
1084 987 1205 1030 venia
1237 1004 1343 1050 opus
1375 1000 1461 1046 est,
1508 1007 1604 1036 cum

254 1051 300 1095 in
345 1051 426 1095 hoc
457 1069 608 1111 genere
639 1053 772 1097 multa
803 1054 908 1110 sint,
958 1072 1063 1116 quae
1110 1058 1276 1117 regulis«
1310 1060 1515 1120 subjicere
1559 1071 1627 1126 et¹

254 1122 394 1166 verbis
435 1123 669 1167 describere
712 1123 871 1173 frustra
914 1128 1154 1173 tentaveris.
1218 1128 1353 1190 Cujus
1382 1130 1443 1175 rei
1472 1149 1601 1177 unum

255 1193 490 1255 exemplum
528 1194 674 1239 afferre
713 1195 814 1240 satis
847 1196 926 1241 erit
957 1215 1005 1241 ex
1037 1200 1148 1242 Ann.
1182 1203 1348 1256 14‚-15,
1381 1201 1451 1246 ubi
1477 1198 1598 1247 ‘coma

252 1264 485 1309 memorata
525 1263 710 1310 Neronis
746 1266 789 1310 in
829 1283 998 1312 scenam
1036 1270 1280 1331 prodeuntis
1313 1289 1406 1317 cum
1437 1273 1600 1320 cithara

253 1347 294 1380 et
324 1336 488 1398 imperii
519 1335 704 1381 Romani
737 1337 983 1398 dignitatem
1026 1342 1278 1401 proterentis
1311 1345 1509 1388 vecordia
1538 1347 1598 1390 ita

252 1406 428 1469 pergit:⁴
433 1407 583 1463 facies
617 1417 888 1464 accesserat,
922 1410 1085 1454 cohors
1118 1412 1324 1467 militum,
1368 1416 1596 1461 contario·

250 1494 331 1522 nes
364 1477 619 1539 tribunique
640 1486 685 1522 et
715 1495 950 1527 maerens
981 1482 1180 1526 Burrus
1212 1483 1595 1530 ac-laudans,
1629 1491 1661 1557 θ’

253 1549 373 1608 Quin
403 1549 446 1592 in
476 1549 579 1610 ipsis
613 1549 715 1593 solis
748 1550 962 1594 vocabulis
985 1553 1088 1600 etin
1111 1553 1428 1614 significationis
1450 1572 1595 1601 eorum

247 1621 410 1664 ratione
448 1620 560 1664 inest
600 1619 847 1682 plerumque
889 1632 928 1666 et
970 1623 1034 1666 vis
1077 1634 1120 1669 et
1159 1625 1345 1679 brevitas
1387 1626 1594 1673 Taciteae

249 1690 463 1746 dictionis,
515 1701 640 1752 atque
690 1692 757 1736 vix
802 1709 904 1737 sane
950 1693 1099 1737 melius
1148 1695 1374 1757 quisquam
1419 1697 1592 1743 obviam

245 1761 339 1806 ierit
375 1761 556 1806 Latinae
597 1762 765 1822 linguae
799 1764 1020 1808 verborum
1058 1767 1296 1827 paupertati
1332 1767 1463 1812 immo
1495 1786 1591 1831 ege-

246 1825 377 1876 statis
422 1833 547 1891 Quae
579 1844 722 1878 tamen
752 1834 832 1879 hoc
862 1834 959 1880 loco
997 1853 1245 1897 percensere
1287 1853 1591 1899 supervacuum

245 1914 330 1958 est,
372 1921 464 1946 cum
505 1905 648 1947 omnia
678 1922 827 1965 paene,
861 1923 966 1966 quae
997 1907 1041 1950 in
1072 1924 1178 1969 opus
1209 1915 1400 1952 nostruin
1429 1911 1588 1971 recepi-

240 1990 352 2028 mus,
383 1972 506 2033 hujns
534 1975 598 2018 'rei
630 1976 881 2020 documenta
914 1978 997 2020 sint
1029 1977 1282 2032 clarissima3
1323 1979 1376 2024 ef.
1399 1997 1434 2025 e.
1456 1998 1497 2040 g.
1527 1981 1588 2024 ri-

242 2046 383 2100 mari,
416 2059 562 2098 ruere,
595 2044 903 2103 introspicere,
933 2047 1141 2106 gliscere,
1181 2065 1364 2104 exuere,
1399 2051 1586 2107 trahere,

241 2122 459 2169 tractare,
491 2131 665 2173 rapere,
702 2117 787 2171 vis,
818 2119 990 2177 imagO‚
1025 2126 1183 2174 atrox,
1216 2137 1395 2176 saevus,
1421 2121 1586 2181 ferox,

231 2199 461 2247 famosus,
487 2201 672 2244 pronus,
689 2187 882 2249 fluxu33
911 2205 1212 2250 nonnunquam
1243 2192 1369 2236 etiam
1399 2192 1482 2236 duo
1514 2207 1594 2259 iro-¹

238 2256 388 2303 cabula
418 2258 550 2300 latent
586 2258 629 2302 in
660 2275 764 2312 uno),
803 2269 848 2303 ut
879 2259 1063 2303 Latium
1094 2277 1172 2322 pro
1199 2265 1284 2326 jus
1313 2263 1443 2308 Latii
1467 2263 1584 2310 Hist.

239 2340 278 2384 3,
302 2334 356 2372 55
404 2328 501 2372 coll.
535 2327 650 2373 Plin.
683 2330 741 2373 H.
774 2328 833 2374 N.
864 2332 905 2386 3,
941 2339 1016 2383 ἔξω
1065 2359 1123 2366 -
1154 2333 1266 2378 Ann.
1297 2339 1337 2388 2,
1369 2337 1427 2379 32
1459 2350 1583 2379 saxo

240 2398 479 2461 (Tarpejo)
512 2399 710 2460 dejectus
748 2408 831 2444 est.
895 2401 1056 2446 Cetera
1105 2421 1204 2448 vero
1243 2400 1460 2450 brevitatis
1492 2402 1581 2451 Ta·

238 2470 368 2515 citeae
401 2469 593 2532 exempla
622 2470 665 2514 in
696 2470 803 2516 huuc
835 2472 1088 2533 digessimus
1123 2475 1328 2520 ordinem.

360 2545 398 2585 1.
429 2540 494 2585 Ut
529 2541 573 2585 in
613 2541 788 2602 singulis
828 2543 966 2587 verbis
1009 2559 1237 2605 eorumque
1277 2547 1581 2608 significatione

239 2610 390 2655 altiora
419 2611 551 2655 latent
581 2628 706 2673 quam
737 2614 875 2675 primo
906 2613 1109 2675 adspectu
1140 2615 1339 2677 opineris,
1376 2617 1437 2662 ita
1466 2615 1592 2661 haud*

237 2697 334 2726 raro
365 2682 414 2727 in
446 2685 831 2746 compositione
873 2701 1038 2747 quoque
1076 2702 1223 2731 eorum
1253 2697 1295 2732 et
1336 2697 1579 2732 constru-

239 2754 415 2798 ctione
454 2755 599 2799 inest
634 2755 712 2800 vis
745 2772 1051 2818 praegnans.
1113 2757 1254 2818 Agric.
1290 2761 1344 2802 18
1391 2757 1579 2802 lectissi-
