1702 2982
490 181 664 231 Navare
694 208 752 218 -
783 180 890 241 Nec,
923 182 1075 246 Neque
1361 188 1456 239 -315

210 299 415 336 NA'VARE
449 296 532 336 vid.
566 295 609 333 in
647 298 856 347 prolegom.
893 297 942 334 de
982 297 1063 334 stili
1092 296 1240 335 Tacitei
1272 297 1463 337 brevitate

52 340 54 343 .
117 358 276 403 (constr.
290 356 460 405 prae'gn.)

210 412 527 467 NAVIGABILIS
547 413 679 461 (Liv.)
698 414 803 451 Ann.
824 419 881 459 13,
896 419 942 453 53
968 415 1080 451 litora
1106 415 1313 463 navigabd
1338 421 1395 461 15,
1413 414 1462 455 42

112 473 234 522 fossa
244 473 486 521 navigabilis.

207 531 572 569 NAVICULARIUS
598 529 800 578 ναύκληρος
823 532 927 568 Anu.
945 535 1003 577 12,
1019 535 1064 569 55
1097 532 1176 568 vim
1201 532 1242 567 ἱη
1275 544 1354 567 mer
1356 540 1462 569 cato-
1532 563 1536 567 .

114 596 211 626 tores
234 595 270 626 et
292 588 553 626 navicularios
578 590 786 636 audebant,
814 602 891 640 quo
916 589 1182 637 praetermisso
1213 591 1301 627 loco
1334 603 1355 627 e
1379 593 1462 628 solo
1524 582 1531 587 s

115 647 297 686 Cicerone
321 648 446 684 attulit
467 650 645 696 exempla
669 649 831 684 Forcell.

209 708 387 742 NE=ut
411 718 490 742 non
514 705 595 742 vid.
621 706 663 741 in
687 706 1014 752 conjunctivo
1038 719 1101 746 n0.
1116 712 1151 746 5.

210 766 317 809 NEC,
344 765 506 811 NEQUE
539 765 672 811 (neque
696 775 767 813 pro
793 771 828 800 et
859 778 907 801 ne
935 765 1026 803 vide
1063 765 1106 802 in
1137 765 1472 814 conjunctivo

114 833 178 858 no.
192 823 234 869 5)
259 823 364 859 haud
388 834 473 858 raro
503 822 687 858 recedunt
722 834 745 858 a
767 823 918 870 vulgari
954 825 1247 870 consuetudine5‘
1279 826 1346 862 sed
1383 838 1464 863 non

115 880 200 919 sine
228 881 401 930 priorum
426 892 582 931 quoque
608 881 809 928 exemplis.
868 884 906 928 1)
931 894 1002 930 pro
1026 884 1258 932 ne-quidem
1291 883 1462 932 ponitur,

115 943 160 975 ut
183 950 245 987 ap.
274 939 350 976 Cic.
377 939 592 989 interdum,
619 939 767 987 saepius
802 951 862 987 ap.
889 951 964 989 arg.
991 947 1061 977 aet.
1105 942 1250 990 scriptt.
1299 943 1403 978 Ann.
1428 949 1462 990 3,

116 1003 160 1038 17
185 999 310 1045 patris
335 997 484 1046 quidem
504 998 614 1043 jussa
637 1010 707 1034 nec
727 1000 892 1046 potuisse
908 1000 1041 1045 filium
1068 996 1284 1036 detrectare.
1310 1002 1352 1047 2)
1372 1013 1464 1037 nec-

115 1056 270 1104 quidem
294 1067 364 1104 pro
392 1062 427 1090 et
450 1056 684 1103 rte-quidem
717 1056 817 1092 nial.
841 1062 888 1098 29
912 1069 982 1094 nec
1013 1070 1273 1106 praeceptores
1310 1061 1466 1107 quidem

114 1113 182 1161 (cf.
219 1110 318 1151 niu.
351 1114 469 1162 Epist.
501 1115 535 1165 6,
557 1117 602 1155 27
638 1114 705 1151 sed
734 1128 812 1151 non
846 1115 1018 1151 omnibus
1051 1116 1184 1152 eadem
1203 1120 1368 1166 placent,
1394 1131 1465 1155 nec

115 1175 340 1210 conveniunt
364 1173 560 1221 quidem);
594 1175 720 1209 Germ.
742 1177 762 1214 7
796 1178 960 1210 Ceterum
994 1188 1112 1222 neque
1146 1177 1462 1227 animadvertere,

112 1245 231 1280 neque
260 1234 413 1276 vincire,
448 1244 518 1268 nec
554 1231 754 1268 verberare
787 1233 937 1280 quidem
971 1236 1047 1269 nisi
1078 1236 1338 1271 sacerdotibus
1373 1250 1465 1284 per—

115 1294 286 1337 missum,
312 1290 382 1327 ubi
418 1291 473 1330 cl.
502 1291 702 1328 Passovius
735 1291 908 1340 „Insigni
919 1320 929 1338 ‚
964 1292 1028 1337 ait,
1065 1293 1273 1331 infortunio
1309 1308 1377 1332 usa
1409 1303 1466 1333 est

113 1350 208 1387 haec
220 1343 427 1388 verborum
453 1355 641 1385 structura
666 1350 944 1397 nec-quidem,
976 1362 1092 1399 quam
1117 1359 1251 1400 utpote
1263 1353 1464 1390 barbaram

114 1407 260 1458 ubique
286 1407 546 1454 exstirparunt
570 1407 645 1443 viri
677 1408 1001 1455 praestantissimi,
1036 1409 1079 1445 in
1108 1410 1168 1446 his
1196 1412 1391 1448 Drakenb.
1416 1413 1465 1448 ad

112 1467 200 1504 Liv.
216 1472 249 1511 1,
266 1472 322 1511 10,
349 1467 492 1503 Ernest.
517 1465 566 1500 ad
589 1466 692 1502 Ann.
705 1463 740 1510 4,
756 1471 814 1511 35,
840 1467 940 1503 Hist.
954 1472 989 1512 2,
1006 1469 1062 1514 76,
1088 1468 1269 1505 Schwarz
1294 1471 1341 1505 ad
1363 1473 1465 1507 'rur-

115 1527 200 1561 sell.
225 1524 273 1560 de
298 1511 400 1572 part.⁴
418 1536 456 1572 p.
472 1522 555 1570 444,
582 1524 743 1560 Facciol.
768 1525 814 1560 ad
842 1526 920 1562 Cic.
948 1525 1020 1562 Off.
1035 1525 1121 1571 3,4.
1159 1528 1321 1565 Civitate
1350 1530 1466 1566 redo-

114 1589 256 1619 narunt
286 1584 347 1619 Jm
373 1585 490 1618 Henr.
513 1584 625 1619 Voss.
652 1583 700 1618 ad
733 1583 841 1631 Virg.
878 1585 1009 1634 Georg.
1040 1591 1072 1630 1,
1098 1591 1181 1631 390,
1217 1588 1390 1623 Goerenz
1415 1588 1464 1623 ad

116 1641 195 1679 cic.
226 1641 348 1677 Acad.
382 1646 416 1686 2,
443 1646 500 1686 82,
537 1641 723 1677 Heinrlch
754 1642 803 1677 ad
836 1642 914 1678 Cic.
953 1650 1033 1680 orat
1062 1656 1133 1691 pro
1173 1646 1276 1681 Tull.
1314 1658 1352 1693 p.
1377 1647 1465 1683 80.“

119 1701 176 1738 cf.
199 1712 295 1750 quae
326 1694 393 1736 his-
420 1699 567 1736 addidit
598 1702 707 1736 Hess.
741 1700 789 1735 ad
820 1701 984 1737 eundem
1018 1704 1160 1743 locum.
1218 1702 1318 1740 Vide
1349 1704 1465 1741 etiam

120 1760 262 1796 Osann.
287 1758 335 1793 ad
366 1758 467 1795 nial.
491 1763 548 1802 18,
579 1757 651 1794 ubi
682 1765 809 1794 tamen
839 1758 976 1796 rectius
1007 1774 1055 1796 ne
1085 1761 1233 1809 legitur,
1264 1774 1356 1802 nam
1389 1763 1465 1799 alia

117 1818 232 1865 hujus
257 1817 335 1853 loci
359 1816 458 1853 ratio
486 1823 552 1853 est.
601 1819 642 1864 3)
667 1828 736 1852 nec
767 1829 838 1864 pro
863 1824 897 1853 et
920 1831 997 1855 non
1029 1822 1132 1855 Anu.
1152 1819 1187 1866 4,
1210 1827 1253 1859 11
1279 1823 1377 1858 veris
1397 1835 1465 1858 ne-

117 1890 188 1926 que
210 1879 251 1912 in
279 1875 509 1911 miraculum
538 1877 741 1922 conruptis,
767 1881 810 1914 ut
837 1875 981 1923 priores
1014 1891 1187 1928 quoque3
1222 1877 1267 1926 4)
1293 1893 1363 1916 nec
1392 1870 1472 1928 pro]
1538 1889 1541 1891 '

116 1936 184 1972 sed
208 1948 283 1971 non
308 1935 434 1970 Germ.
448 1931 495 1971 45
521 1934 717 1969 succinum
743 1953 790 1960 --
813 1936 853 1970 in
879 1937 958 1982 ipso
985 1938 1087 1973 litore
1105 1939 1243 1986 legunt,
1274 1951 1344 1975 nec
1367 1952 1464 1988 quae

118 2002 259 2031 natura
283 2004 425 2042 quaeve
453 1990 550 2027 ratio
575 1994 722 2040 gignat,
753 2000 812 2037 ut,
826 1993 1014 2043 barbaris,
1050 1999 1259 2045 quaesitum
1291 1998 1465 2046 comper-'-

118 2046 255 2098 ιμῃιὺε.
301 2051 402 2090 Vide
427 2062 522 2100 quos
546 2053 699 2089 Passov.
732 2052 864 2089 laudat
895 2054 942 2089 ad
967 2055 1008 2090 h.
1029 2056 1055 2090 1.
1107 2056 1150 2103 5)
1188 2069 1257 2093 nec
1289 2069 1358 2105 pro
1387 2071 1465 2095 non

118 2125 150 2151 s.
176 2124 294 2161 neque
315 2118 447 2147 tamen
471 2109 538 2156 (cf.
560 2110 623 2157 et)
646 2112 749 2146 Ann.
775 2117 810 2153 3,
826 2110 874 2150 24
889 2111 971 2160 suit
993 2115 1156 2162 posthac
1187 2117 1228 2152 in
1266 2116 1370 2162 urbe,
1397 2130 1465 2153 ne-

118 2184 189 2220 que
211 2171 369 2207 honores
395 2169 555 2217 adeptus
580 2177 655 2214 est5
679 2168 715 2214 4,
729 2169 775 2209 45
801 2175 985 2219 sequentis
998 2173 1219 2221 frustratus
1251 2182 1317 2219 est,
1348 2189 1465 2224 neque

121 2231 186 2267 diu
199 2228 369 2277 fefellit,-
393 2241 454 2277 cp.
468 2227 515 2266 54
536 2231 672 2275 parari
696 2231 868 2277 exitium,
893 2245 1012 2280 neque
1037 2233 1080 2269 id
1101 2236 1364 2281 imperatorem
1389 2247 1465 2282 pa—

118 2290 196 2325 lam
230 2288 390 2332 audere,·
426 2298 487 2335 cp.
512 2290 558 2328 57
594 2289 735 2324 sociam
770 2290 1088 2338 adspernabatur,
1122 2304 1240 2340 neque
1283 2292 1465 2340 depellere
1483 2292 1495 2296 ’χ

119 2354 284 2395 poterat
307 2348 342 2393 6,
360 2349 405 2387 37
431 2348 541 2382 initia
568 2354 727 2382 conatus
755 2349 937 2395 secunda,
962 2363 1081 2398 neque
1105 2351 1234 2386 dzutur
1236 2363 1309 2395 na
1343 2362 1403 2398 cp.
1418 2356 1464 2389 50

121 2406 288 2442 medicus
312 2427 360 2433 -—
383 2407 485 2442 velut
508 2408 664 2453 propria
700 2407 754 2443 ad
785 2411 935 2457 negotia
967 2410 1180 2458 digrediens
1211 2417 1245 2445 et
1275 2422 1342 2457 per
1379 2423 1466 2457 spe-

125 2465 219 2499 ciem
242 2463 364 2511 officii
387 2476 547 2499 manum
573 2467 795 2513 complexus
816 2464 969 2514 pulsum
983 2481 1165 2505 venarum
1189 2468 1335 2516 adtigit.
1349 2481 1467 2516 neque

111 2520 281 2568 ffell1t
320 2523 418 2559 Hist.
433 2521 467 2567 4,
485 2526 527 2563 71
562 2536 632 2560 nec
665 2525 872 2562 deterruere
902 2539 948 2562 ea
977 2529 1212 2563 munimenta
1247 2531 1466 2563 Romanum

122 2580 279 2621 ducem
316 2580 443 2628 Agr-ic.
466 2587 486 2619 8
522 2589 632 2630 extra
675 2585 882 2632 invidiam,
919 2597 989 2622 nec
1021 2593 1134 2622 extr-a
1168 2587 1332 2633 gloriam
1369 2593 1465 2622 erat.

122 2640 177 2673 lta
201 2637 346 2684 priores
371 2651 523 2688 quoque
536 2641 655 2676 locuti
670 2650 780 2689 sunt3
804 2645 896 2681 vide
909 2645 1106 2680 Bremium
1120 2644 1166 2680 ad
1179 2647 1273 2691 Nep.
1303 2645 1414 2692 AgeS·
1429 2650 1463 2683 1.

121 2696 222 2733 Cort.
248 2695 300 2734 ad
320 2696 413 2733 Sall.
444 2697 633 2745 cat.2l1‚3
659 2703 748 2738 coll.
782 2702 880 2739 Plin.
902 2703 1020 2751 Epist.
1040 2709 1077 2748 3,
1094 2709 1112 2740 1
1140 2710 1228 2739 sunt
1259 2704 1300 2739 in
1331 2714 1405 2740 usu
1428 2709 1472 2738 «et>
