1702 2982
254 215 342 260 396
710 214 925 279 Queritari
953 243 1009 254 -—
1042 218 1153 280 Quis

231 330 416 375 quivere,
444 330 576 376 quiret,
603 329 774 375 quiverit,
801 330 992 381 nequibo),
1025 334 1231 379 nequirent,
1266 336 1495 382 nequiverat,
1529 349 1599 381 ne-

253 389 407 434 quisset,
450 389 628 435 leguntur
666 387 777 423 etiam
819 389 957 425 omissa
992 390 1223 442 quibusdam
1256 393 1299 428 in
1335 394 1599 433 Grammaticis

251 444 455 492 nequibant
484 445 581 481 Hist.
595 443 630 492 4,
645 450 689 490 5,
712 449 928 494 nequiverit
962 447 1060 484 Hist.
1075 447 1109 493 4,
1127 451 1196 492 6οῑ
1226 453 1464 498 nequiverint
1494 452 1600 493 Anu.

250 501 308 549 14,
323 509 370 542 58
394 504 664 550 (Ve11.1,16);
691 507 936 551 nequiter-ant
959 507 1134 552 Ann.15,
1153 514 1210 547 38,

344 562 607 609 QUERITARI
633 563 735 598 Anu.
753 564 808 607 16,
823 562 870 601 3'4
891 564 1025 606 flentes
1054 570 1367 615 queritantesque.
1416 569 1473 604 lta
1495 568 1605 604 Plin:

245 618 340 656 min.
365 626 402 655 et
426 620 630 668 sequiores.
678 621 778 656 Vide
803 621 850 657 de
874 622 914 656 h.
940 634 980 658 v.
1005 625 1157 670 Rupert.
1184 625 1232 660 ad
1254 627 1282 660 l.
1306 624 1444 694 Taciti.

338 678 536 724 QUIDAM
561 690 599 714 v.
625 678 667 712 in
691 689 905 724 pronom-

339 736 531 781 QUIDEM
554 735 708 782 saepius
736 747 851 784 quam
877 749 938 785 ap.
965 738 1107 786 priores
1141 745 1361 790 ceterosque
1394 739 1597 789 scriptores

245 804 308 840 ap.
334 796 380 828 T.
412 793 573 829 inservit
607 793 819 830 efferendae
849 795 1169 846 affin-mandataque
1201 798 1269 835 rei.
1317 798 1420 835 Vide
1443 801 1551 835 locos
1573 811 1597 837 a

243 851 426 886 Walchio
453 852 626 888 laudatos
653 852 700 887 ad
725 854 783 888 AU
762 853 853 900 grie.
870 860 913 894 17
950 867 1035 891 cum
1073 858 1225 893 Cerialis
1257 856 1409 904 quidem
1442 858 1597 893 alterius

244 912 468 944 successoris
501 922 634 946 curam
655 911 890 960 famamque
921 914 1112 958 obruisset,
1139 917 1320 952 sustinuit
1340 927 1484 964 quoque
1510 928 1595 952 mo-

242 969 315 1002 lem
341 969 462 1003 Julius
487 971 790 1013 F1·ontinus‚=vir
813 979 1000 1018 magizns‚·
1024 973 1129 1008 Ann-
1144 979 1179 1017 3,
1192 979 1239 1012 53
1269 975 1335 1011 sed
1358 966 1424 1010 illi¹
1439 974 1592 1022 quidem

243 1025 365 1073 officio
376 1026 512 1073 suncti
534 1035 635 1071 sunt,
667 1035 708 1062 ut
731 1034 870 1065 ceteros
894 1042 1040 1078 quoque
1073 1035 1323 1079 magistratus
1354 1045 1426 1069 sua
1459 1034 1595 1070 munia

239 1086 386 1131 implere
409 1086 537 1122 velim.-
569 1087 659 1122 mihi
682 1094 800 1122 autem
831 1096 924 1132 cet.,·
957 1088 991 1131 4,
1006 1094 1052 1127 35
1079 1103 1131 1124 an
1157 1092 1214 1126 illi
1249 1091 1406 1139 quidem,
1440 1082 1592 1141 septica-

239 1146 416 1191 gesimam
441 1151 528 1180 ante
554 1157 693 1180 annum
723 1148 907 1193 perempti,
943 1159 1012 1192 quo
1037 1148 1142 1185 modo
1167 1150 1496 1198 imaginibustuis
1520 1162 1593 1186 no·-

241 1209 410 1246 scantur,
445 1214 541 1250 quas
565 1215 611 1238 ne
635 1205 754 1239 victor
779 1205 924 1251 quidem
949 1205 1121 1250 abolevit,
1147 1210 1200 1243 sic
1228 1217 1376 1255 partem
1400 1211 1591 1246 memoriae

239 1261 346 1317 apud
369 1262 571 1307 scriptores
596 1264 778 1298 retinent?
813 1263 937 1297 Germ.
955 1269 999 1305 19
1033 1255 1160 1301 melius
1185 1267 1330 1315 quidem
1365 1268 1496 1305 adhuc
1527 1279 1593 1304 eae

237 1321 418 1364 civitates,
444 1319 509 1355 ubi
532 1318 781 1366 tantummodo
806 1319 971 1369 vir-:gines-
995 1322 1154 1359 nubunt.

333 1378 452 1423 QUIN
477 1389 517 1414 v.
543 1378 584 1413 in
610 1377 933 1422 conjunctivo
955 1391 1020 1416 no.
1039 1386 1073 1419 5.

331 1436 739 1482 QUINQUIPLICARE
784 1434 988 1485 ἁπαξλεγ.
1003 1439 1110 1474 Ann.
1137 1444 1179 1483 2,
1206 1441 1255 1479 36
1298 1442 1591 1490 quinquiplicati
1628 1456 1631 1461 s

234 1505 393 1541 prorsus
425 1497 680 1542 magistratus.
740 1497 936 1543 Nusquam
980 1508 1106 1546 neque
1149 1498 1223 1534 hoc
1268 1499 1431 1537 verbum
1465 1511 1591 1550 neque

236 1552 554 1607 quinqueplicare·
563 1556 628 1590 vel
653 1555 929 1601 quintuplicare
953 1565 1014 1602 ap.
1042 1557 1092 1591 31.
1118 1557 1330 1594 invenitur

331 1611 501 1661 QUIPPE
525 1624 564 1649 v.
593 1612 634 1647 in
659 1625 780 1648 nam.

332 1670 444 1714 QUlS
478 1670 546 1716 pro
580 1670 791 1720 quisque
826 1671 997 1720 positum
1028 1679 1084 1710 est
1114 1673 1339 1712 insolentius
1363 1674 1477 1711 Ann.
1491 1678 1527 1718 2,
1541 1674 1588 1712 66

233 1726 386 1763 addidit
411 1727 699 1770 munificentiam
719 1734 876 1774 Caesar,
912 1739 1091 1778 quantum
1123 1735 1227 1781 quis
1241 1734 1376 1770 damni
1397 1731 1589 1781 professus

233 1792 327 1829 erat,
354 1787 607 1830 exsolvend05
638 1798 698 1835 cp.
717 1786 764 1828 54
788 1789 864 1824 edit
888 1802 1067 1836 responsa
1081 1791 1264 1828 *versibus
1289 1793 1497 1842 compositis
1519 1799 1599 1827 snt-4

175 1890 179 1897 ἱ
232 1856 300 1891 per
325 1843 436 1879 rebus
461 1856 556 1890 quas
576 1848 661 1892 quis
686 1854 800 1882 mente
825 1851 1012 1895 concepit;
1037 1849 1134 1885 Hist.
1149 1855 1184 1894 3,
1199 1855 1246 1888 58
1277 1853 1475 1888 anticorum
1507 1849 1587 1894 ejus
1608 1859 1610 1862 ·

232 1910 374 1950 quanto
405 1904 487 1949 quis
513 1904 662 1948 clarior,
699 1907 820 1940 minus
841 1905 959 1946 fidus.
1011 1908 1066 1944 cf.
1099 1915 1151 1944 ut
1183 1908 1295 1957 quis
1326 1908 1370 1944 in
1401 1914 1464 1944 ut.
1511 1907 1585 1961 §ed
1630 1930 1635 1935 =

228 1973 309 1997 non
334 1961 454 2011 magis
479 1972 500 1996 a
524 1962 675 2010 vulgari
701 1962 855 1999 dicendi
887 1975 1023 2011 genere
1047 1967 1191 2002 recedit
1223 1978 1352 2016 quam,
1381 1965 1485 2016 quod
1519 1977 1580 2013 ap.

229 2020 356 2067 ipsum
383 2020 602 2056 Ciceronem
628 2020 732 2055 haud
758 2033 844 2057 raro
870 2022 1019 2070 legitur,
1047 2027 1128 2070 quis
1154 2025 1323 2072 positum
1347 2036 1417 2072 pro
1430 2025 1580 2075 aliquis,

229 2078 340 2114 etiam
365 2078 398 2114 si
423 2090 503 2113 non
530 2078 799 2122 praecesserint
824 2092 882 2123 ne,
908 2082 993 2124 nisi,
1020 2085 1065 2117 si.
1114 2083 1215 2119 Vide
1240 2085 1405 2119 Tursell.

324 2137 433 2183 QUIS
462 2148 522 2182 ap.
549 2134 666 2170 alium
698 2138 850 2172 nullum
875 2144 952 2174 tam
977 2139 1108 2175 crebro
1134 2141 1176 2175 in
1204 2153 1276 2177 usu
1301 2147 1369 2185 est,
1394 2151 1580 2177 nonnun-

230 2206 345 2245 quam
371 2194 413 2234 in
442 2193 573 2229 eadem
598 2194 859 2231 enuntiatione
894 2199 1150 2245 compositum
1185 2210 1272 2234 cum
1303 2197 1456 2245 vulgari
1485 2197 1581 2234 scri-

229 2260 340 2300 ptura
375 2251 509 2299 quibus
544 2253 593 2295 (e.
626 2264 661 2300 g.
694 2254 797 2289 Ann.
812 2258 847 2297 2,
862 2259 928 2300 205
965 2257 1114 2302 13,19).
1166 2259 1211 2291 ln
1244 2256 1468 2293 universum
1501 2255 1580 2291 dici

230 2317 366 2358 potest,
404 2322 484 2345 non
507 2308 634 2345 minus
663 2322 775 2358 saepe
799 2312 900 2348 hanc
925 2325 1042 2362 quam
1068 2315 1177 2350 illam
1208 2326 1344 2351 vocem
1378 2325 1593 2360 usurpasse„

197 2376 204 2380 ”
229 2369 426 2412 Tacitum,
463 2374 501 2403 et
529 2367 726 2405 brevitatis
759 2377 796 2406 et
819 2372 1012 2408 varietatis
1042 2373 1268 2417 studiosum,
1302 2372 1368 2409 sed
1400 2370 1578 2419 εὐφωνίας

227 2427 346 2463 simul
377 2425 525 2473 legibus
560 2425 901 2474 obtemperantem,
938 2442 1032 2479 quas
1069 2422 1239 2475 secutus,
1277 2437 1322 2466 ut
1354 2432 1577 2477 exemplum

175 2477 178 2479 ’
227 2483 442 2527 afferamus,
467 2485 570 2519 Ann.
587 2490 642 2528 12,
658 2490 701 2522 (21
730 2486 830 2524 dixit
855 2489 988 2536 quibus
1014 2491 1109 2532 (non
1133 2489 1235 2538 quis)
1274 2491 1428 2536 quisque
1462 2497 1573 2524 aeta-

217 2541 331 2579 'tibus
353 2543 572 2590 viguissent.
607 2545 651 2577 In
677 2544 838 2594 Dialogo
863 2548 1020 2595 quidem
1044 2559 1236 2596 nusquam
1259 2548 1455 2584 invenitur
1478 2550 1573 2595 quis.

226 2600 301 2636 Sed
327 2611 371 2636 ea
399 2600 649 2636 inconstantia
676 2608 743 2647 est,
770 2605 894 2651 qualis
923 2613 961 2642 et
985 2606 1027 2641 in
1051 2603 1165 2652 hujus
1195 2606 1302 2643 vocis
1334 2612 1372 2642 et
1403 2605 1446 2642 in
1475 2606 1573 2643 alia-

225 2669 312 2693 rum
336 2669 409 2694 usu
434 2670 494 2704 ap.
530 2658 625 2694 alios
659 2659 773 2695 etiam
798 2664 998 2711 scriptores
1024 2665 1127 2700 haud
1150 2676 1235 2700 raro
1260 2663 1568 2712 deprehenditur.

226 2718 282 2752 lta
306 2716 396 2752 San.
421 2714 662 2765 quounbis
686 2723 834 2757 tantum
859 2722 902 2758 in
922 2721 1025 2759 bello
1045 2722 1153 2760 Catil.
1173 2722 1328 2759 exhibet
1348 2725 1431 2771 quis
1450 2733 1510 2771 cp
1525 2726 1570 2763 37
