1702 2982
250 186 314 220 ΧΠ
728 174 1113 237 Prolegomena

246 294 360 338 Hist.
396 305 442 350 1,
483 302 540 348 90
580 293 763 339 Galerii
801 293 1020 338 Trachali
1048 293 1227 354 ingenio
1272 291 1498 339 Othonem
1534 293 1603 346 uti,

248 363 530 420 credebatur,
563 371 610 409 et
636 371 778 419 erant,
809 364 936 424 qui„
919 381 1054 408 venus
1083 365 1233 424 ipsum
1255 363 1419 408 orandi
1438 378 1595 407 nosce-

247 441 358 488 rent,
391 435 540 479 crebro
555 434 670 495 sori
696 451 781 479 usu
813 435 1003 489 celebre,
1044 442 1090 479 et
1131 435 1197 478 ad
1213 434 1481 494 implendas
1514 449 1594 477 au-

247 521 326 548 res
364 504 510 548 latum
557 511 604 548 et
635 501 808 550 sonans
823 509 880 561 ¹)
948 505 1063 550 Ann.
1108 516 1156 559 3,
1197 516 1246 551 31
1298 505 1597 565 satisfactum
1661 509 1666 515 '

253 575 506 620 Corbuloni
532 591 622 634 per
650 577 931 620 Mamercum
971 576 1053 636 qui
1078 603 1135 611 -
1168 582 1401 620 oratorum
1431 591 1488 619 ea
1519 589 1594 618 ae-

249 652 346 689 tate
378 645 625 690 uberrimus
667 654 777 700 erat3
818 664 882 717 cp.
922 657 978 696 34
1023 647 1239 691 Valerius
1278 634 1593 699 Messallinus,

193 715 201 719 ’
247 715 326 760 cui
345 731 514 774 parens
546 717 798 771 Messalla,
831 715 1062 777 ineratque
1091 718 1242 777 imago
1268 723 1498 776 paternae
1506 714 1594 776 sa-

247 787 463 844 cundiae,·
504 797 586 842 13,
621 798 646 830 3
685 787 993 832 Adnotabant
1023 789 1247 842 seniores,
1287 786 1448 848 quibus
1480 785 1594 830 otio-

245 874 347 901 sum
385 864 455 901 est
497 864 647 900 vetera
685 865 732 901 et
761 859 1034 940 praesepffa
1073 858 1360 912 contendere,
1387 871 1595 915 primum

246 944 309 972 esc
339 927 393 972 izs
425 927 504 989 qui
528 944 684 972 rerum
707 929 851 988 potiti
877 936 1031 973 essent
1055 930 1281 974 Neronem
1312 927 1492 972 alienae
1504 925 1594 987 sa-

248 998 442 1059 cundiae
473 999 663 1058 eguisse
695 1016 804 1044 nam
835 999 1037 1043 dictator
1065 1000 1246 1044 Caesar
1267 998 1455 1043 summis
1488 1013 1593 1042 ora·

246 1070 423 1115 toribus
457 1070 688 1122 aemulus,·
721 1077 766 1113 et
794 1069 1007 1130 Augusto
1033 1076 1254 1129 prompta
1274 1085 1332 1114 ac
1345 1067 1592 1128 profluens,

245 1142 364 1202 quae
401 1141 576 1184 deceret
605 1140 882 1200 principem,
921 1140 1180 1202 eloquentia
1194 1141 1310 1201 suit.
1385 1131 1592 1183 Tiberius

247 1220 393 1257 artem
424 1226 600 1271 quoque
631 1211 847 1266 callebat,
879 1226 972 1271 qua
993 1203 1137 1255 verba
1170 1209 1465 1270 expenderet,
1497 1212 1594 1252 tum
1655 1222 1660 1226 ’

249 1282 424 1334 validus
463 1281 671 1325 sensibus
711 1288 794 1325 aut
834 1282 1043 1326 consulto
1086 1283 1338 1342 ambioQuus
1372 1280 1509 1325 etiam
1542 1278 1593 1340 C,

250 1352 470 1400 Caesaris
510 1352 695 1396 turbata
732 1368 858 1396 mens
902 1369 988 1396 vim
1027 1317 1231 1396 dicendi„
1240 1368 1332 1396 non
1369 1349 1592 1409 corrupit.

246 1439 330 1468 nec
370 1423 418 1467 in
458 1422 671 1477 Claudio,
715 1423 920 1490 quotiens
951 1423 1179 1467 meditata
1211 1423 1468 1475 dissereret,
1506 1421 1593 1464 ele-

244 1494 453 1555 gantiam
483 1493 740 1554 requireres.
748 1496 779 1520 “
806 1521 865 1543 -τ
926 1493 1050 1553 Quae
1089 1492 1232 1538 omnia
1268 1493 1305 1537 si
1340 1491 1384 1536 in
1423 1490 1592 1551 dialogo

246 1567 500 1627 legerentur,
533 1564 641 1625 quiS,
674 1580 846 1633 quaese,
879 1564 992 1626 quod
1022 1564 1078 1609 ad
1108 1562 1271 1608 dicendi
1302 1575 1431 1622 genus
1462 1562 1592 1624 perti-

245 1648 340 1692 net,
382 1652 470 1680 non
511 1634 688 1679 eundem
731 1643 978 1694 agnosceret
1017 1626 1262 1678 auctorem?
1302 1600 1384 1678 aEt
1433 1630 1595 1693 dialogi

247 1709 374 1754 etiam
410 1706 455 1751 in
494 1704 671 1765 singulis
709 1705 848 1750 verbis
891 1704 1200 1766 verborumque
1237 1720 1345 1748 nexu
1385 1718 1434 1749 ac
1483 1712 1592 1749 stru-

232 1791 362 1825 *ctum
390 1775 523 1821 multa
553 1786 662 1831 sunt,
695 1792 801 1837 quae
831 1786 906 1820 aut
933 1775 1049 1838 apud
1080 1774 1210 1819 alium
1238 1773 1400 1819 nullum
1429 1783 1597 1835 praeter
1660 1774 1695 1832 J

240 1849 449 1894 ‘Tacitum
485 1857 558 1891 aut
595 1847 728 1908 apud
748 1846 857 1891 hunc
897 1845 1146 1891 creberrime
1178 1855 1221 1889 et
1250 1843 1590 1897 constantissimo
1621 1840 1624 1843 ⁴
1667 1858 1672 1865 ‘

245 1937 323 1964 usu
354 1917 632 1962 inveniuntur.
695 1915 899 1960 Confer
886 1933 931 1961 ln
961 1915 1138 1959 Lexico.
1168 1921 1324 1974 pater
1352 1895 1590 1958 familiae

179 1979 181 1985 X
248 1989 341 2043 (suh
373 2006 414 2031 v.
435 1984 691 2039 familia),
725 1985 1045 2038 exuberare,
1068 1982 1428 2038 histrionalis,
1449 2000 1588 2028 man-

245 2074 395 2105 surus
433 2067 475 2100 et
518 2056 792 2099 duraturus
835 2054 902 2106 (in
930 2053 1264 2115 participio),
1297 2053 1598 2115 admodum,

246 2129 413 2188 igitur
459 2136 507 2171 et
544 2126 736 2185 itaque,
784 2124 884 2169 etsi
931 2140 1067 2168 non·
1085 2134 1136 2168 at
1174 2134 1315 2169 certe
1349 2124 1444 2178 (sub
1482 2143 1521 2170 v·
1548 2125 1591 2171 si

246 2202 396 2252 non),
442 2193 870 2249 vel-sive-sive,
916 2195 1037 2256 quin
1069 2194 1251 2249 immo,
1291 2195 1457 2251 auris,
1504 2195 1587 2250 adss

245 2268 438 2322 fluere,
481 2265 786 2320 admissum,
827 2265 1082 2320 inserere,
1122 2265 1436 2326 proeliator,
1466 2281 1588 2330 pro-

247 2337 433 2391 fluere,
465 2352 667 2400 rapere,
698 2335 875 2392 rubor,
906 2343 1249 2389 vanesc'ere2).
1547 2347 1549 2351 '

324 2518 357 2561 1)
386 2514 440 2551 cs.
468 2508 625 2560 Quintil.
654 2519 709 2557 10,
740 2519 772 2558 1,
800 2520 869 2556 119
893 2521 929 2551 et
955 2519 1011 2559 12,
1040 2520 1096 2559 10,
1125 2521 1181 2552 11.

324 2571 370 2632 2)ν
387 2585 443 2621 Cs.
468 2584 582 2619 etiam
606 2589 657 2618 ut
683 2583 752 2619 sic
778 2585 990 2622 dixerim
1015 2586 1115 2621 Dial.
1144 2585 1203 2624 34.
1228 2583 1274 2625 lto
1300 2597 1390 2622 cum
1411 2586 1540 2634 Agric.
1564 2591 1587 2623 3

388 2651 427 2681 et
452 2646 575 2678 Germ.
600 2648 622 2681 2
654 2648 703 2687 et¹
723 2656 818 2691 quos
851 2645 1016 2692 Langius
1051 2646 1171 2681 adfert
1203 2648 1329 2689 locos,
1362 2646 1460 2682 inter
1491 2656 1588 2694 quos

389 2709 515 2738 tamen
539 2702 606 2751 qui
632 2715 669 2750 p.
690 2707 735 2740 25
770 2704 983 2751 consignati
1008 2711 1118 2750 sunt,
1153 2704 1490 2749 circumstare,
1513 2698 1589 2740 d¹i-
