<?xml version="1.0" encoding="UTF-8"?>
<!DOCTYPE html PUBLIC "-//W3C//DTD XHTML 1.0 Transitional//EN"
    "http://www.w3.org/TR/xhtml1/DTD/xhtml1-transitional.dtd">
<html xmlns="http://www.w3.org/1999/xhtml" xml:lang="en" lang="en">
 <head>
  <title>
</title>
<meta http-equiv="Content-Type" content="text/html;charset=utf-8" />
  <meta name='ocr-system' content='tesseract 3.04.00' />
  <meta name='ocr-capabilities' content='ocr_page ocr_carea ocr_par ocr_line ocrx_word'/>
</head>
<body>
  <div class='ocr_page' id='page_1' title='image "./lexicontaciteums00boetuoft_0219.png"; bbox 0 0 1702 2982; ppageno 0'>
   <div class='ocr_carea' id='block_1_1' title="bbox 509 151 1490 255">
    <p class='ocr_par' dir='ltr' id='par_1_1' title="bbox 509 151 1490 255">
     <span class='ocr_line' id='line_1_1' title="bbox 509 151 1490 255; baseline 0.016 -34"><span class='ocrx_word' id='word_1_1' title='bbox 509 151 730 250; x_wconf 32' lang='lat' dir='ltr'><strong><em>Coloratie„</em></strong></span> <span class='ocrx_word' id='word_1_2' title='bbox 747 203 803 213; x_wconf 93' lang='lat'><strong><em>—-</em></strong></span> <span class='ocrx_word' id='word_1_3' title='bbox 835 176 1127 255; x_wconf 48' lang='lat' dir='ltr'><strong><em>Conimodaoe</em></strong></span> <span class='ocrx_word' id='word_1_4' title='bbox 1434 191 1490 240; x_wconf 85' lang='lat'><strong><em>97</em></strong></span> 
     </span>
    </p>
   </div>
   <div class='ocr_carea' id='block_1_2' title="bbox 99 285 1531 937">
    <p class='ocr_par' dir='ltr' id='par_1_2' title="bbox 99 285 1531 570">
     <span class='ocr_line' id='line_1_2' title="bbox 126 285 1484 349; baseline 0.013 -26"><span class='ocrx_word' id='word_1_5' title='bbox 126 285 345 333; x_wconf 73' lang='lat' dir='ltr'><strong><em>instructos,</em></strong></span> <span class='ocrx_word' id='word_1_6' title='bbox 377 289 558 326; x_wconf 82' lang='lat' dir='ltr'><strong><em>ne.Mars</em></strong></span> <span class='ocrx_word' id='word_1_7' title='bbox 586 289 717 337; x_wconf 78' lang='lat' dir='ltr'><strong><em>&#39;palam</em></strong></span> <span class='ocrx_word' id='word_1_8' title='bbox 752 287 925 329; x_wconf 59' lang='lat' dir='ltr'><strong><em>habitare</em></strong></span> <span class='ocrx_word' id='word_1_9' title='bbox 957 293 1154 332; x_wconf 82' lang='lat' dir='ltr'><strong><em>videretur</em></strong></span> <span class='ocrx_word' id='word_1_10' title='bbox 1184 297 1227 334; x_wconf 77' lang='lat' dir='ltr'><strong><em>in</em></strong></span> <span class='ocrx_word' id='word_1_11' title='bbox 1258 299 1342 348; x_wconf 71' lang='lat' dir='ltr'><strong><em>ipsa</em></strong></span> <span class='ocrx_word' id='word_1_12' title='bbox 1376 302 1484 349; x_wconf 87' lang='lat' dir='ltr'><strong><em>urbe,</em></strong></span> 
     </span>
     <span class='ocr_line' id='line_1_3' title="bbox 123 345 1485 405; baseline 0.014 -24"><span class='ocrx_word' id='word_1_13' title='bbox 123 345 374 385; x_wconf 76' lang='lat' dir='ltr'>excubantes.</span> <span class='ocrx_word' id='word_1_14' title='bbox 420 348 480 383; x_wconf 77' lang='lat' dir='ltr'><strong><em>Ita</em></strong></span> <span class='ocrx_word' id='word_1_15' title='bbox 520 347 626 395; x_wconf 63' lang='grc' dir='ltr'><strong>[ἀρε.</strong></span> <span class='ocrx_word' id='word_1_16' title='bbox 662 348 710 384; x_wconf 86' lang='lat' dir='ltr'><strong><em>ad</em></strong></span> <span class='ocrx_word' id='word_1_17' title='bbox 742 348 784 387; x_wconf 89' lang='lat' dir='ltr'><strong><em>h.</em></strong></span> <span class='ocrx_word' id='word_1_18' title='bbox 809 351 859 395; x_wconf 89' lang='lat'><strong><em>1.‚</em></strong></span> <span class='ocrx_word' id='word_1_19' title='bbox 897 351 1082 403; x_wconf 83' lang='lat' dir='ltr'><strong>additque</strong></span> <span class='ocrx_word' id='word_1_20' title='bbox 1114 368 1137 392; x_wconf 83' lang='lat' dir='ltr'><strong><em>e</em></strong></span> <span class='ocrx_word' id='word_1_21' title='bbox 1163 357 1371 405; x_wconf 84' lang='lat' dir='ltr'>Capitolini</span> <span class='ocrx_word' id='word_1_22' title='bbox 1403 363 1485 399; x_wconf 83' lang='lat' dir='ltr'><strong><em>vita</em></strong></span> 
     </span>
     <span class='ocr_line' id='line_1_4' title="bbox 123 403 1531 465; baseline 0.014 -27"><span class='ocrx_word' id='word_1_23' title='bbox 123 403 177 441; x_wconf 88' lang='grc' dir='ltr'><strong><em>Μ.</em></strong></span> <span class='ocrx_word' id='word_1_24' title='bbox 199 403 387 441; x_wconf 81' lang='lat' dir='ltr'><strong>Antonini</strong></span> <span class='ocrx_word' id='word_1_25' title='bbox 411 406 492 454; x_wconf 70' lang='lat' dir='ltr'><strong><em>(cp.</em></strong></span> <span class='ocrx_word' id='word_1_26' title='bbox 506 406 572 452; x_wconf 88' lang='lat'><strong><em>27)</em></strong></span> <span class='ocrx_word' id='word_1_27' title='bbox 596 412 700 452; x_wconf 83' lang='lat' dir='ltr'><strong><em>„Per</em></strong></span> <span class='ocrx_word' id='word_1_28' title='bbox 718 409 967 446; x_wconf 81' lang='lat' dir='ltr'><strong><em>Brundisium</em></strong></span> <span class='ocrx_word' id='word_1_29' title='bbox 992 415 1146 457; x_wconf 82' lang='lat' dir='ltr'><strong><em>veniens</em></strong></span> <span class='ocrx_word' id='word_1_30' title='bbox 1169 417 1209 451; x_wconf 88' lang='lat' dir='ltr'><strong><em>in</em></strong></span> <span class='ocrx_word' id='word_1_31' title='bbox 1235 420 1396 465; x_wconf 87' lang='lat' dir='ltr'><strong><em>Italiam,</em></strong></span> <span class='ocrx_word' id='word_1_32' title='bbox 1423 426 1484 458; x_wconf 82' lang='lat' dir='ltr'><strong><em>&#39;to-</em></strong></span> <span class='ocrx_word' id='word_1_33' title='bbox 1529 406 1531 420; x_wconf 38' lang='lat'><em>¹</em></span> 
     </span>
     <span class='ocr_line' id='line_1_5' title="bbox 119 464 1483 518; baseline 0.015 -22"><span class='ocrx_word' id='word_1_34' title='bbox 119 474 216 511; x_wconf 84' lang='lat' dir='ltr'><strong><em>gam</em></strong></span> <span class='ocrx_word' id='word_1_35' title='bbox 239 469 274 499; x_wconf 85' lang='lat' dir='ltr'><strong><em>et</em></strong></span> <span class='ocrx_word' id='word_1_36' title='bbox 303 464 384 511; x_wconf 84' lang='lat' dir='ltr'><strong><em>ipse</em></strong></span> <span class='ocrx_word' id='word_1_37' title='bbox 416 467 593 513; x_wconf 81' lang='lat' dir='ltr'><em>sumpsit,</em></span> <span class='ocrx_word' id='word_1_38' title='bbox 628 473 664 502; x_wconf 85' lang='lat' dir='ltr'><strong><em>et</em></strong></span> <span class='ocrx_word' id='word_1_39' title='bbox 698 468 837 503; x_wconf 78' lang='lat' dir='ltr'><em>milites</em></span> <span class='ocrx_word' id='word_1_40' title='bbox 873 476 1022 518; x_wconf 84' lang='lat' dir='ltr'><strong><em>togatos</em></strong></span> <span class='ocrx_word' id='word_1_41' title='bbox 1054 484 1153 508; x_wconf 88' lang='lat' dir='ltr'><strong><em>esse.</em></strong></span> <span class='ocrx_word' id='word_1_42' title='bbox 1159 474 1276 518; x_wconf 85' lang='lat' dir='ltr'><strong><em>jussit</em></strong></span> <span class='ocrx_word' id='word_1_43' title='bbox 1306 490 1377 515; x_wconf 89' lang='lat' dir='ltr'><strong><em>nec</em></strong></span> <span class='ocrx_word' id='word_1_44' title='bbox 1407 493 1483 517; x_wconf 88' lang='lat' dir='ltr'><strong><em>un-</em></strong></span> 
     </span>
     <span class='ocr_line' id='line_1_6' title="bbox 99 509 946 570; baseline 0.007 -13"><span class='ocrx_word' id='word_1_45' title='bbox 99 509 390 570; x_wconf 59' lang='lat' dir='ltr'><strong><em>quam‘sagati</em></strong></span> <span class='ocrx_word' id='word_1_46' title='bbox 404 521 572 568; x_wconf 83' lang='lat' dir='ltr'><strong><em>fuerunt</em></strong></span> <span class='ocrx_word' id='word_1_47' title='bbox 596 525 666 561; x_wconf 82' lang='lat' dir='ltr'><strong><em>sub</em></strong></span> <span class='ocrx_word' id='word_1_48' title='bbox 691 538 733 561; x_wconf 89' lang='lat' dir='ltr'><strong><em>eo</em></strong></span> <span class='ocrx_word' id='word_1_49' title='bbox 759 529 946 564; x_wconf 85' lang='lat' dir='ltr'><strong><em>milites.“</em></strong></span> 
     </span>
    </p>

    <p class='ocr_par' dir='ltr' id='par_1_3' title="bbox 214 580 1324 630">
     <span class='ocr_line' id='line_1_7' title="bbox 214 580 1324 630; baseline 0.009 -12"><span class='ocrx_word' id='word_1_50' title='bbox 214 580 516 627; x_wconf 83' lang='lat' dir='ltr'><strong>COLLOGARE,</strong></span> <span class='ocrx_word' id='word_1_51' title='bbox 544 583 857 622; x_wconf 86' lang='lat' dir='ltr'>COLLOGATIO</span> <span class='ocrx_word' id='word_1_52' title='bbox 882 586 1034 624; x_wconf 81' lang='lat' dir='ltr'><strong>verbor.</strong></span> <span class='ocrx_word' id='word_1_53' title='bbox 1060 601 1101 627; x_wconf 79' lang='lat' dir='ltr'><strong><em>v.</em></strong></span> <span class='ocrx_word' id='word_1_54' title='bbox 1126 601 1156 627; x_wconf 89' lang='lat' dir='ltr'><strong><em>s.</em></strong></span> <span class='ocrx_word' id='word_1_55' title='bbox 1183 593 1324 630; x_wconf 84' lang='lat' dir='ltr'>CONL.</span> 
     </span>
    </p>

    <p class='ocr_par' dir='ltr' id='par_1_4' title="bbox 115 639 1481 806">
     <span class='ocr_line' id='line_1_8' title="bbox 145 639 1478 707; baseline 0.015 -34"><span class='ocrx_word' id='word_1_56' title='bbox 145 671 151 678; x_wconf 81' lang='grc'><strong>,</strong></span> <span class='ocrx_word' id='word_1_57' title='bbox 213 639 473 688; x_wconf 73' lang='lat' dir='ltr'>COLORARE</span> <span class='ocrx_word' id='word_1_58' title='bbox 496 641 595 688; x_wconf 74' lang='lat' dir='ltr'><strong><em>(Cic.</em></strong></span> <span class='ocrx_word' id='word_1_59' title='bbox 620 644 820 687; x_wconf 84' lang='lat' dir='ltr'><strong><em>„colorare</em></strong></span> <span class='ocrx_word' id='word_1_60' title='bbox 845 657 1017 694; x_wconf 79' lang='lat' dir='ltr'><strong><em>corpora,</em></strong></span> <span class='ocrx_word' id='word_1_61' title='bbox 1044 650 1207 687; x_wconf 85' lang='lat' dir='ltr'><strong><em>colorari</em></strong></span> <span class='ocrx_word' id='word_1_62' title='bbox 1230 654 1348 698; x_wconf 73' lang='lat' dir='ltr'><strong><em>sote,=“</em></strong></span> <span class='ocrx_word' id='word_1_63' title='bbox 1373 655 1478 707; x_wconf 77' lang='lat' dir='ltr'><strong><em>Virg.</em></strong></span> 
     </span>
     <span class='ocr_line' id='line_1_9' title="bbox 115 695 1481 759; baseline 0.009 -27"><span class='ocrx_word' id='word_1_64' title='bbox 115 695 260 747; x_wconf 56' lang='lat' dir='ltr'><strong><em>aliique</em></strong></span> <span class='ocrx_word' id='word_1_65' title='bbox 283 695 419 746; x_wconf 83' lang='lat' dir='ltr'><strong><em>poetae</em></strong></span> <span class='ocrx_word' id='word_1_66' title='bbox 442 702 631 744; x_wconf 86' lang='lat' dir='ltr'><strong><em>„colorati</em></strong></span> <span class='ocrx_word' id='word_1_67' title='bbox 655 702 756 752; x_wconf 81' lang='lat' dir='ltr'><strong><em>Indi,</em></strong></span> <span class='ocrx_word' id='word_1_68' title='bbox 792 707 909 749; x_wconf 82' lang='lat' dir='ltr'><strong><em>Seres,</em></strong></span> <span class='ocrx_word' id='word_1_69' title='bbox 943 708 1143 755; x_wconf 59' lang='lat' dir='ltr'><strong><em>Etruscffl)</em></strong></span> <span class='ocrx_word' id='word_1_70' title='bbox 1163 710 1295 759; x_wconf 84' lang='lat' dir='ltr'><strong><em>Agric.</em></strong></span> <span class='ocrx_word' id='word_1_71' title='bbox 1312 718 1353 753; x_wconf 89' lang='lat'><strong><em>11</em></strong></span> <span class='ocrx_word' id='word_1_72' title='bbox 1380 718 1481 751; x_wconf 81' lang='lat' dir='ltr'><strong><em>Silu-</em></strong></span> 
     </span>
     <span class='ocr_line' id='line_1_10' title="bbox 115 749 1027 806; baseline 0.009 -14"><span class='ocrx_word' id='word_1_73' title='bbox 115 749 202 801; x_wconf 59' lang='lat' dir='ltr'><strong><em>rum,</em></strong></span> <span class='ocrx_word' id='word_1_74' title='bbox 222 758 382 802; x_wconf 77' lang='lat' dir='ltr'><strong><em>colorati</em></strong></span> <span class='ocrx_word' id='word_1_75' title='bbox 405 760 549 796; x_wconf 84' lang='lat' dir='ltr'><strong><em>vultus.</em></strong></span> <span class='ocrx_word' id='word_1_76' title='bbox 599 761 648 796; x_wconf 89' lang='lat' dir='ltr'><strong><em>V.</em></strong></span> <span class='ocrx_word' id='word_1_77' title='bbox 674 761 829 799; x_wconf 81' lang='lat' dir='ltr'><strong><em>Walch.</em></strong></span> <span class='ocrx_word' id='word_1_78' title='bbox 855 763 901 798; x_wconf 85' lang='lat' dir='ltr'><strong><em>ad</em></strong></span> <span class='ocrx_word' id='word_1_79' title='bbox 927 764 969 800; x_wconf 88' lang='lat' dir='ltr'><strong><em>h.</em></strong></span> <span class='ocrx_word' id='word_1_80' title='bbox 999 766 1027 806; x_wconf 80' lang='lat'><strong><em>1,</em></strong></span> 
     </span>
    </p>

    <p class='ocr_par' dir='ltr' id='par_1_5' title="bbox 115 808 1480 937">
     <span class='ocr_line' id='line_1_11' title="bbox 211 808 1480 875; baseline 0.013 -21"><span class='ocrx_word' id='word_1_81' title='bbox 211 808 443 854; x_wconf 80' lang='lat' dir='ltr'>COMETES</span> <span class='ocrx_word' id='word_1_82' title='bbox 475 818 578 854; x_wconf 77' lang='lat' dir='ltr'><strong><em>Ann-</em></strong></span> <span class='ocrx_word' id='word_1_83' title='bbox 595 816 651 863; x_wconf 72' lang='grc'><strong><em>14,</em></strong></span> <span class='ocrx_word' id='word_1_84' title='bbox 667 823 714 856; x_wconf 83' lang='lat'><strong><em>22</em></strong></span> <span class='ocrx_word' id='word_1_85' title='bbox 746 826 784 856; x_wconf 85' lang='lat' dir='ltr'><strong><em>et</em></strong></span> <span class='ocrx_word' id='word_1_86' title='bbox 818 826 876 866; x_wconf 86' lang='lat'><strong><em>15,</em></strong></span> <span class='ocrx_word' id='word_1_87' title='bbox 891 820 938 863; x_wconf 76' lang='lat'><strong><em>47</em></strong></span> <span class='ocrx_word' id='word_1_88' title='bbox 971 824 1080 867; x_wconf 78' lang='lat' dir='ltr'><strong><em>sidus</em></strong></span> <span class='ocrx_word' id='word_1_89' title='bbox 1113 835 1291 875; x_wconf 80' lang='lat' dir='ltr'><strong><em>cometes3</em></strong></span> <span class='ocrx_word' id='word_1_90' title='bbox 1322 830 1378 868; x_wconf 83' lang='lat' dir='ltr'><strong><em>ita</em></strong></span> <span class='ocrx_word' id='word_1_91' title='bbox 1409 835 1480 870; x_wconf 75' lang='lat' dir='ltr'><strong>Ju—‘</strong></span> 
     </span>
     <span class='ocr_line' id='line_1_12' title="bbox 115 873 1479 937; baseline 0.014 -28"><span class='ocrx_word' id='word_1_92' title='bbox 115 873 203 910; x_wconf 71' lang='lat' dir='ltr'><strong><em>stin,</em></strong></span> <span class='ocrx_word' id='word_1_93' title='bbox 227 876 338 910; x_wconf 82' lang='lat' dir='ltr'><strong><em>stella</em></strong></span> <span class='ocrx_word' id='word_1_94' title='bbox 363 884 515 912; x_wconf 82' lang='lat' dir='ltr'><strong><em>cometes</em></strong></span> <span class='ocrx_word' id='word_1_95' title='bbox 522 890 536 918; x_wconf 81' lang='lat'><strong><em>‚-</em></strong></span> <span class='ocrx_word' id='word_1_96' title='bbox 566 877 666 913; x_wconf 84' lang='lat' dir='ltr'><strong><em>Plin.</em></strong></span> <span class='ocrx_word' id='word_1_97' title='bbox 694 878 783 926; x_wconf 81' lang='lat' dir='ltr'><strong><em>maj.</em></strong></span> <span class='ocrx_word' id='word_1_98' title='bbox 809 879 985 918; x_wconf 85' lang='lat' dir='ltr'><strong><em>absolute</em></strong></span> <span class='ocrx_word' id='word_1_99' title='bbox 1011 893 1171 922; x_wconf 89' lang='lat' dir='ltr'><strong><em>cometes</em></strong></span> <span class='ocrx_word' id='word_1_100' title='bbox 1194 898 1275 923; x_wconf 89' lang='lat' dir='ltr'><strong><em>non</em></strong></span> <span class='ocrx_word' id='word_1_101' title='bbox 1300 889 1479 937; x_wconf 84' lang='lat' dir='ltr'><strong>adjuncta</strong></span> 
     </span>
    </p>
   </div>
   <div class='ocr_carea' id='block_1_3' title="bbox 114 932 1479 1039">
    <p class='ocr_par' dir='ltr' id='par_1_6' title="bbox 114 932 1479 1039">
     <span class='ocr_line' id='line_1_13' title="bbox 114 932 1479 999; baseline 0.015 -31"><span class='ocrx_word' id='word_1_102' title='bbox 114 932 251 970; x_wconf 83' lang='lat' dir='ltr'><strong><em>sideris</em></strong></span> <span class='ocrx_word' id='word_1_103' title='bbox 282 935 348 971; x_wconf 83' lang='lat' dir='ltr'><strong><em>vel</em></strong></span> <span class='ocrx_word' id='word_1_104' title='bbox 378 935 512 971; x_wconf 82' lang='lat' dir='ltr'><strong><em>stellae</em></strong></span> <span class='ocrx_word' id='word_1_105' title='bbox 543 935 714 974; x_wconf 81' lang='lat' dir='ltr'><strong><em>notione.</em></strong></span> <span class='ocrx_word' id='word_1_106' title='bbox 765 937 822 975; x_wconf 84' lang='lat' dir='ltr'><strong><em>Cf.</em></strong></span> <span class='ocrx_word' id='word_1_107' title='bbox 856 938 936 976; x_wconf 88' lang='lat' dir='ltr'><strong>Cic.</strong></span> <span class='ocrx_word' id='word_1_108' title='bbox 961 942 1007 977; x_wconf 88' lang='lat' dir='ltr'><strong><em>N.</em></strong></span> <span class='ocrx_word' id='word_1_109' title='bbox 1030 944 1079 979; x_wconf 90' lang='lat' dir='ltr'><strong><em>D.</em></strong></span> <span class='ocrx_word' id='word_1_110' title='bbox 1094 948 1130 989; x_wconf 87' lang='lat'><strong><em>2,</em></strong></span> <span class='ocrx_word' id='word_1_111' title='bbox 1144 949 1168 984; x_wconf 85' lang='lat'><em>5</em></span> <span class='ocrx_word' id='word_1_112' title='bbox 1200 947 1346 995; x_wconf 84' lang='lat' dir='ltr'><strong><em>stellae,</em></strong></span> <span class='ocrx_word' id='word_1_113' title='bbox 1382 964 1479 999; x_wconf 83' lang='lat' dir='ltr'><strong><em>quas</em></strong></span> 
     </span>
     <span class='ocr_line' id='line_1_14' title="bbox 117 993 962 1039; baseline 0.007 -10"><span class='ocrx_word' id='word_1_114' title='bbox 117 993 256 1029; x_wconf 79' lang='lat' dir='ltr'><strong><em>Graeci</em></strong></span> <span class='ocrx_word' id='word_1_115' title='bbox 279 1000 458 1039; x_wconf 86' lang='lat' dir='ltr'><strong><em>cometas,</em></strong></span> <span class='ocrx_word' id='word_1_116' title='bbox 485 996 604 1030; x_wconf 79' lang='lat' dir='ltr'><strong><em>nostri</em></strong></span> <span class='ocrx_word' id='word_1_117' title='bbox 629 996 788 1031; x_wconf 76' lang='lat' dir='ltr'><strong><em>crinitas</em></strong></span> <span class='ocrx_word' id='word_1_118' title='bbox 810 1000 962 1035; x_wconf 87' lang='lat' dir='ltr'><strong><em>vocant.</em></strong></span> 
     </span>
    </p>
   </div>
   <div class='ocr_carea' id='block_1_4' title="bbox 84 1051 1487 1465">
    <p class='ocr_par' dir='ltr' id='par_1_7' title="bbox 101 1051 1487 1402">
     <span class='ocr_line' id='line_1_15' title="bbox 209 1051 1476 1112; baseline 0.009 -23"><span class='ocrx_word' id='word_1_119' title='bbox 209 1051 452 1089; x_wconf 82' lang='lat' dir='ltr'><strong>COMITARI</strong></span> <span class='ocrx_word' id='word_1_120' title='bbox 477 1051 560 1088; x_wconf 87' lang='lat' dir='ltr'><strong><em>sine</em></strong></span> <span class='ocrx_word' id='word_1_121' title='bbox 585 1063 687 1098; x_wconf 86' lang='lat' dir='ltr'><strong><em>casu,</em></strong></span> <span class='ocrx_word' id='word_1_122' title='bbox 724 1063 930 1101; x_wconf 78' lang='lat' dir='ltr'><strong><em>praeeunte</em></strong></span> <span class='ocrx_word' id='word_1_123' title='bbox 955 1058 1061 1108; x_wconf 84' lang='lat' dir='ltr'><strong><em>Virg.</em></strong></span> <span class='ocrx_word' id='word_1_124' title='bbox 1093 1063 1191 1099; x_wconf 84' lang='lat' dir='ltr'><strong><em>Aen.</em></strong></span> <span class='ocrx_word' id='word_1_125' title='bbox 1209 1070 1244 1112; x_wconf 84' lang='lat'><strong><em>3,</em></strong></span> <span class='ocrx_word' id='word_1_126' title='bbox 1260 1066 1330 1105; x_wconf 85' lang='lat'><strong><em>660</em></strong></span> <span class='ocrx_word' id='word_1_127' title='bbox 1354 1072 1476 1107; x_wconf 76' lang='lat' dir='ltr'><strong><em>Lani-</em></strong></span> 
     </span>
     <span class='ocr_line' id='line_1_16' title="bbox 108 1113 1486 1177; baseline 0.012 -33"><span class='ocrx_word' id='word_1_128' title='bbox 108 1120 228 1157; x_wconf 68' lang='lat' dir='ltr'><strong><em>ger-ae</em></strong></span> <span class='ocrx_word' id='word_1_129' title='bbox 250 1113 480 1147; x_wconf 81' lang='lat' dir='ltr'><strong><em>comitantur</em></strong></span> <span class='ocrx_word' id='word_1_130' title='bbox 504 1124 602 1159; x_wconf 78' lang='lat' dir='ltr'><strong><em>oveS‚</em></strong></span> <span class='ocrx_word' id='word_1_131' title='bbox 628 1125 674 1148; x_wconf 88' lang='lat' dir='ltr'><strong><em>ea</em></strong></span> <span class='ocrx_word' id='word_1_132' title='bbox 698 1114 781 1149; x_wconf 89' lang='lat' dir='ltr'><strong><em>sola</em></strong></span> <span class='ocrx_word' id='word_1_133' title='bbox 813 1117 1010 1164; x_wconf 82' lang='lat' dir='ltr'><strong><em>voluptas3</em></strong></span> <span class='ocrx_word' id='word_1_134' title='bbox 1042 1119 1142 1158; x_wconf 86' lang='lat' dir='ltr'><strong><em>Hist.</em></strong></span> <span class='ocrx_word' id='word_1_135' title='bbox 1157 1127 1192 1168; x_wconf 90' lang='lat'><strong><em>3,</em></strong></span> <span class='ocrx_word' id='word_1_136' title='bbox 1205 1121 1251 1162; x_wconf 83' lang='grc'><strong><em>41</em></strong></span> <span class='ocrx_word' id='word_1_137' title='bbox 1285 1139 1325 1162; x_wconf 81' lang='lat' dir='ltr'><strong><em>eo</em></strong></span> <span class='ocrx_word' id='word_1_138' title='bbox 1359 1118 1486 1177; x_wconf 37' lang='lat' dir='ltr'><strong><em>metz&amp;</em></strong></span> 
     </span>
     <span class='ocr_line' id='line_1_17' title="bbox 110 1171 1476 1226; baseline 0.015 -23"><span class='ocrx_word' id='word_1_139' title='bbox 110 1175 146 1204; x_wconf 90' lang='lat' dir='ltr'><strong><em>et</em></strong></span> <span class='ocrx_word' id='word_1_140' title='bbox 175 1171 332 1216; x_wconf 78' lang='lat' dir='ltr'><strong><em>paucis,</em></strong></span> <span class='ocrx_word' id='word_1_141' title='bbox 378 1182 470 1219; x_wconf 82' lang='lat' dir='ltr'><strong><em>quos</em></strong></span> <span class='ocrx_word' id='word_1_142' title='bbox 490 1171 677 1208; x_wconf 56' lang='lat' dir='ltr'><strong><em>‘adversa</em></strong></span> <span class='ocrx_word' id='word_1_143' title='bbox 716 1185 792 1208; x_wconf 89' lang='lat' dir='ltr'><strong><em>non</em></strong></span> <span class='ocrx_word' id='word_1_144' title='bbox 833 1182 1094 1226; x_wconf 83' lang='lat' dir='ltr'><strong><em>mutaverant,</em></strong></span> <span class='ocrx_word' id='word_1_145' title='bbox 1134 1185 1404 1223; x_wconf 82' lang='lat' dir='ltr'><strong><em>comitantibus</em></strong></span> <span class='ocrx_word' id='word_1_146' title='bbox 1427 1209 1476 1216; x_wconf 92' lang='lat'><strong><em>—-</em></strong></span> 
     </span>
     <span class='ocr_line' id='line_1_18' title="bbox 101 1227 1475 1296; baseline 0.017 -36"><span class='ocrx_word' id='word_1_147' title='bbox 101 1227 225 1273; x_wconf 81' lang='lat' dir='ltr'><strong><em>flexit</em></strong></span> <span class='ocrx_word' id='word_1_148' title='bbox 248 1229 289 1264; x_wconf 83' lang='lat' dir='ltr'><strong><em>in</em></strong></span> <span class='ocrx_word' id='word_1_149' title='bbox 318 1228 505 1267; x_wconf 87' lang='lat' dir='ltr'><strong><em>Umbriam</em></strong></span> <span class='ocrx_word' id='word_1_150' title='bbox 514 1245 528 1274; x_wconf 92' lang='lat'><strong><em>,·</em></strong></span> <span class='ocrx_word' id='word_1_151' title='bbox 552 1231 680 1266; x_wconf 87' lang='lat' dir='ltr'><strong><em>Germ.</em></strong></span> <span class='ocrx_word' id='word_1_152' title='bbox 692 1228 741 1268; x_wconf 75' lang='lat'><strong><em>46</em></strong></span> <span class='ocrx_word' id='word_1_153' title='bbox 759 1235 908 1279; x_wconf 85' lang='lat' dir='ltr'><strong><em>passim</em></strong></span> <span class='ocrx_word' id='word_1_154' title='bbox 933 1232 1033 1272; x_wconf 76' lang='lat' dir='ltr'><strong><em>enim</em></strong></span> <span class='ocrx_word' id='word_1_155' title='bbox 1058 1243 1312 1289; x_wconf 74' lang='lat' dir='ltr'><strong><em>comitamur,-</em></strong></span> <span class='ocrx_word' id='word_1_156' title='bbox 1343 1247 1475 1296; x_wconf 81' lang='lat' dir='ltr'><strong><em>Agl-ic.</em></strong></span> 
     </span>
     <span class='ocr_line' id='line_1_19' title="bbox 108 1285 1476 1350; baseline 0.016 -30"><span class='ocrx_word' id='word_1_157' title='bbox 108 1288 134 1328; x_wconf 89' lang='grc'>9</span> <span class='ocrx_word' id='word_1_158' title='bbox 158 1285 215 1322; x_wconf 82' lang='lat' dir='ltr'><strong><em>ad</em></strong></span> <span class='ocrx_word' id='word_1_159' title='bbox 237 1298 344 1334; x_wconf 87' lang='lat' dir='ltr'><strong><em>spem</em></strong></span> <span class='ocrx_word' id='word_1_160' title='bbox 366 1290 594 1328; x_wconf 63' lang='lat' dir='ltr'><strong><em>,consulatus</em></strong></span> <span class='ocrx_word' id='word_1_161' title='bbox 622 1298 825 1327; x_wconf 86' lang='lat' dir='ltr'><strong><em>revocatus</em></strong></span> <span class='ocrx_word' id='word_1_162' title='bbox 849 1300 916 1338; x_wconf 87' lang='lat' dir='ltr'><strong><em>est,</em></strong></span> <span class='ocrx_word' id='word_1_163' title='bbox 943 1298 1151 1335; x_wconf 88' lang='lat' dir='ltr'><strong><em>comitante</em></strong></span> <span class='ocrx_word' id='word_1_164' title='bbox 1178 1303 1360 1350; x_wconf 83' lang='lat' dir='ltr'><strong><em>opinione,</em></strong></span> <span class='ocrx_word' id='word_1_165' title='bbox 1384 1309 1476 1342; x_wconf 86' lang='lat' dir='ltr'><strong><em>Bri-</em></strong></span> 
     </span>
     <span class='ocr_line' id='line_1_20' title="bbox 108 1345 1487 1402; baseline 0.017 -22"><span class='ocrx_word' id='word_1_166' title='bbox 108 1345 290 1381; x_wconf 86' lang='lat' dir='ltr'><strong><em>tanniam</em></strong></span> <span class='ocrx_word' id='word_1_167' title='bbox 331 1347 367 1381; x_wconf 84' lang='lat' dir='ltr'><strong><em>ei</em></strong></span> <span class='ocrx_word' id='word_1_168' title='bbox 406 1349 646 1395; x_wconf 87' lang='lat' dir='ltr'><strong><em>provinciam</em></strong></span> <span class='ocrx_word' id='word_1_169' title='bbox 689 1349 790 1386; x_wconf 84' lang='lat' dir='ltr'><strong><em>dari.</em></strong></span> <span class='ocrx_word' id='word_1_170' title='bbox 814 1370 864 1379; x_wconf 94' lang='lat'>—</span> <span class='ocrx_word' id='word_1_171' title='bbox 910 1355 1014 1390; x_wconf 88' lang='lat' dir='ltr'><strong><em>Haec</em></strong></span> <span class='ocrx_word' id='word_1_172' title='bbox 1046 1357 1205 1395; x_wconf 81' lang='lat' dir='ltr'><strong>exhibet</strong></span> <span class='ocrx_word' id='word_1_173' title='bbox 1235 1361 1393 1400; x_wconf 86' lang='lat' dir='ltr'><strong>Walch.</strong></span> <span class='ocrx_word' id='word_1_174' title='bbox 1425 1367 1487 1402; x_wconf 79' lang='lat' dir='ltr'><strong><em>ad·</em></strong></span> 
     </span>
    </p>

    <p class='ocr_par' dir='ltr' id='par_1_8' title="bbox 84 1403 1475 1465">
     <span class='ocr_line' id='line_1_21' title="bbox 84 1403 1475 1465; baseline 0.017 -27"><span class='ocrx_word' id='word_1_175' title='bbox 84 1404 240 1446; x_wconf 50' lang='lat' dir='ltr'><strong><em>„locum</em></strong></span> <span class='ocrx_word' id='word_1_176' title='bbox 262 1403 394 1452; x_wconf 78' lang='lat' dir='ltr'><strong><em>Agric.</em></strong></span> <span class='ocrx_word' id='word_1_177' title='bbox 447 1407 494 1443; x_wconf 90' lang='lat' dir='ltr'><strong><em>V.</em></strong></span> <span class='ocrx_word' id='word_1_178' title='bbox 521 1405 698 1455; x_wconf 85' lang='lat' dir='ltr'>plurima,</span> <span class='ocrx_word' id='word_1_179' title='bbox 725 1407 758 1444; x_wconf 94' lang='lat' dir='ltr'><strong><em>si</em></strong></span> <span class='ocrx_word' id='word_1_180' title='bbox 789 1421 869 1446; x_wconf 86' lang='lat' dir='ltr'><strong><em>non</em></strong></span> <span class='ocrx_word' id='word_1_181' title='bbox 903 1413 1033 1451; x_wconf 89' lang='lat' dir='ltr'><strong><em>omnia</em></strong></span> <span class='ocrx_word' id='word_1_182' title='bbox 1065 1416 1181 1465; x_wconf 89' lang='lat' dir='ltr'><strong><em>hujus</em></strong></span> <span class='ocrx_word' id='word_1_183' title='bbox 1215 1431 1307 1457; x_wconf 87' lang='lat' dir='ltr'><strong><em>usus</em></strong></span> <span class='ocrx_word' id='word_1_184' title='bbox 1340 1434 1475 1461; x_wconf 83' lang='lat' dir='ltr'><strong><em>exem-</em></strong></span> 
     </span>
    </p>
   </div>
   <div class='ocr_carea' id='block_1_5' title="bbox 48 1463 950 1510">
    <p class='ocr_par' dir='ltr' id='par_1_9' title="bbox 48 1463 950 1510">
     <span class='ocr_line' id='line_1_22' title="bbox 48 1463 950 1510; baseline 0.011 -13"><span class='ocrx_word' id='word_1_185' title='bbox 48 1499 62 1504; x_wconf 65' lang='lat'>,</span> <span class='ocrx_word' id='word_1_186' title='bbox 107 1464 174 1510; x_wconf 58' lang='lat' dir='ltr'><strong><em>plo,</em></strong></span> <span class='ocrx_word' id='word_1_187' title='bbox 197 1475 219 1499; x_wconf 83' lang='lat' dir='ltr'><strong><em>e</em></strong></span> <span class='ocrx_word' id='word_1_188' title='bbox 244 1463 370 1500; x_wconf 83' lang='lat' dir='ltr'>Taciti</span> <span class='ocrx_word' id='word_1_189' title='bbox 393 1463 502 1502; x_wconf 85' lang='lat' dir='ltr'><strong><em>libris</em></strong></span> <span class='ocrx_word' id='word_1_190' title='bbox 527 1467 752 1507; x_wconf 33' lang='lat' dir='ltr'><strong><em>collecta-in</em></strong></span> <span class='ocrx_word' id='word_1_191' title='bbox 778 1469 905 1505; x_wconf 73' lang='lat' dir='ltr'><strong><em>verb</em></strong></span> <span class='ocrx_word' id='word_1_192' title='bbox 916 1483 950 1508; x_wconf 91' lang='lat' dir='ltr'><strong><em>o.</em></strong></span> 
     </span>
    </p>
   </div>
   <div class='ocr_carea' id='block_1_6' title="bbox 102 1522 1504 1938">
    <p class='ocr_par' dir='ltr' id='par_1_10' title="bbox 102 1522 1504 1646">
     <span class='ocr_line' id='line_1_23' title="bbox 203 1522 1474 1589; baseline 0.017 -32"><span class='ocrx_word' id='word_1_193' title='bbox 203 1522 648 1560; x_wconf 87' lang='lat' dir='ltr'><strong>COMMANIPULARIS</strong></span> <span class='ocrx_word' id='word_1_194' title='bbox 692 1527 890 1576; x_wconf 87' lang='lat' dir='ltr'><strong><em>(Inscript.</em></strong></span> <span class='ocrx_word' id='word_1_195' title='bbox 933 1541 995 1579; x_wconf 86' lang='lat' dir='ltr'><strong><em>ap.</em></strong></span> <span class='ocrx_word' id='word_1_196' title='bbox 1029 1532 1202 1583; x_wconf 83' lang='lat' dir='ltr'><strong><em>Gruter.)</em></strong></span> <span class='ocrx_word' id='word_1_197' title='bbox 1240 1537 1341 1576; x_wconf 86' lang='lat' dir='ltr'><strong><em>Hist.</em></strong></span> <span class='ocrx_word' id='word_1_198' title='bbox 1362 1538 1405 1589; x_wconf 80' lang='lat'><strong><em>4,</em></strong></span> <span class='ocrx_word' id='word_1_199' title='bbox 1424 1539 1474 1581; x_wconf 83' lang='grc'><strong><em>46</em></strong></span> 
     </span>
     <span class='ocr_line' id='line_1_24' title="bbox 102 1584 1504 1646; baseline 0.012 -33"><span class='ocrx_word' id='word_1_200' title='bbox 102 1589 288 1627; x_wconf 77' lang='lat' dir='ltr'><strong><em>prensare</em></strong></span> <span class='ocrx_word' id='word_1_201' title='bbox 310 1584 698 1630; x_wconf 82' lang='lat' dir='ltr'><strong><em>commanipularium</em></strong></span> <span class='ocrx_word' id='word_1_202' title='bbox 730 1593 899 1632; x_wconf 79' lang='lat' dir='ltr'><strong><em>pectora.</em></strong></span> <span class='ocrx_word' id='word_1_203' title='bbox 1501 1643 1504 1646; x_wconf 11' lang='grc' dir='ltr'><strong><em>ἦ</em></strong></span> 
     </span>
    </p>

    <p class='ocr_par' dir='ltr' id='par_1_11' title="bbox 105 1639 1497 1938">
     <span class='ocr_line' id='line_1_25' title="bbox 203 1639 1473 1706; baseline 0.016 -30"><span class='ocrx_word' id='word_1_204' title='bbox 203 1639 481 1687; x_wconf 65' lang='grc' dir='ltr'><strong>ΟΟΜΜΕΑῌΕ</strong></span> <span class='ocrx_word' id='word_1_205' title='bbox 533 1648 578 1678; x_wconf 88' lang='lat' dir='ltr'><strong><em>et</em></strong></span> <span class='ocrx_word' id='word_1_206' title='bbox 624 1642 819 1690; x_wconf 81' lang='lat' dir='ltr'><strong><em>crebro,</em></strong></span> <span class='ocrx_word' id='word_1_207' title='bbox 872 1653 916 1683; x_wconf 89' lang='lat' dir='ltr'><strong><em>et</em></strong></span> <span class='ocrx_word' id='word_1_208' title='bbox 955 1650 1090 1687; x_wconf 87' lang='lat' dir='ltr'><strong><em>ultro</em></strong></span> <span class='ocrx_word' id='word_1_209' title='bbox 1136 1652 1361 1706; x_wconf 79' lang='lat' dir='ltr'><strong><em>citroque</em></strong></span> <span class='ocrx_word' id='word_1_210' title='bbox 1398 1658 1473 1696; x_wconf 85' lang='lat' dir='ltr'><strong><em>ire</em></strong></span> 
     </span>
     <span class='ocr_line' id='line_1_26' title="bbox 106 1694 1472 1762; baseline 0.015 -28"><span class='ocrx_word' id='word_1_211' title='bbox 106 1696 213 1734; x_wconf 88' lang='lat' dir='ltr'><strong><em>Ann.</em></strong></span> <span class='ocrx_word' id='word_1_212' title='bbox 228 1694 264 1740; x_wconf 82' lang='grc'><strong><em>4,</em></strong></span> <span class='ocrx_word' id='word_1_213' title='bbox 278 1695 323 1735; x_wconf 75' lang='lat'><strong><em>41</em></strong></span> <span class='ocrx_word' id='word_1_214' title='bbox 356 1699 570 1750; x_wconf 82' lang='lat' dir='ltr'><strong><em>litterarum</em></strong></span> <span class='ocrx_word' id='word_1_215' title='bbox 594 1714 735 1749; x_wconf 85' lang='lat' dir='ltr'><strong><em>magna</em></strong></span> <span class='ocrx_word' id='word_1_216' title='bbox 760 1716 813 1739; x_wconf 83' lang='lat' dir='ltr'><strong><em>ex</em></strong></span> <span class='ocrx_word' id='word_1_217' title='bbox 836 1713 946 1760; x_wconf 79' lang='lat' dir='ltr'><strong><em>parte</em></strong></span> <span class='ocrx_word' id='word_1_218' title='bbox 969 1720 1010 1743; x_wconf 87' lang='lat' dir='ltr'><strong><em>se</em></strong></span> <span class='ocrx_word' id='word_1_219' title='bbox 1034 1709 1345 1762; x_wconf 51' lang='lat' dir='ltr'><strong><em>arbitr-amsarg</em></strong></span> <span class='ocrx_word' id='word_1_220' title='bbox 1382 1727 1472 1760; x_wconf 76' lang='lat' dir='ltr'><strong><em>cum</em></strong></span> 
     </span>
     <span class='ocr_line' id='line_1_27' title="bbox 105 1758 1472 1819; baseline 0.015 -27"><span class='ocrx_word' id='word_1_221' title='bbox 105 1769 175 1804; x_wconf 89' lang='lat' dir='ltr'><strong><em>per</em></strong></span> <span class='ocrx_word' id='word_1_222' title='bbox 198 1758 335 1793; x_wconf 81' lang='lat' dir='ltr'><strong><em>milites</em></strong></span> <span class='ocrx_word' id='word_1_223' title='bbox 359 1766 636 1804; x_wconf 82' lang='lat' dir='ltr'><strong><em>commearent,·</em></strong></span> <span class='ocrx_word' id='word_1_224' title='bbox 666 1765 701 1805; x_wconf 85' lang='lat'><strong><em>2,</em></strong></span> <span class='ocrx_word' id='word_1_225' title='bbox 716 1766 763 1799; x_wconf 86' lang='lat'><strong><em>28</em></strong></span> <span class='ocrx_word' id='word_1_226' title='bbox 797 1774 1021 1812; x_wconf 82' lang='lat' dir='ltr'><strong><em>congressus</em></strong></span> <span class='ocrx_word' id='word_1_227' title='bbox 1054 1768 1199 1817; x_wconf 81' lang='lat' dir='ltr'><strong><em>abnuit,</em></strong></span> <span class='ocrx_word' id='word_1_228' title='bbox 1227 1785 1340 1819; x_wconf 88' lang='lat' dir='ltr'><strong><em>posse</em></strong></span> <span class='ocrx_word' id='word_1_229' title='bbox 1371 1779 1472 1814; x_wconf 80' lang='lat' dir='ltr'><strong><em>enim</em></strong></span> 
     </span>
     <span class='ocr_line' id='line_1_28' title="bbox 106 1815 1470 1881; baseline 0.017 -31"><span class='ocrx_word' id='word_1_230' title='bbox 106 1815 238 1852; x_wconf 80' lang='lat' dir='ltr'><strong><em>eodem</em></strong></span> <span class='ocrx_word' id='word_1_231' title='bbox 260 1817 399 1853; x_wconf 84' lang='lat' dir='ltr'><strong><em>Flacco</em></strong></span> <span class='ocrx_word' id='word_1_232' title='bbox 427 1819 656 1854; x_wconf 86' lang='lat' dir='ltr'><strong><em>internuntio</em></strong></span> <span class='ocrx_word' id='word_1_233' title='bbox 681 1831 870 1857; x_wconf 80' lang='lat' dir='ltr'><strong><em>sermones</em></strong></span> <span class='ocrx_word' id='word_1_234' title='bbox 902 1835 1116 1865; x_wconf 85' lang='lat' dir='ltr'><strong><em>commeare</em></strong></span> <span class='ocrx_word' id='word_1_235' title='bbox 1146 1829 1316 1876; x_wconf 68' lang='lat' dir='ltr'><strong><em>(oficio.</em></strong></span> <span class='ocrx_word' id='word_1_236' title='bbox 1339 1835 1420 1871; x_wconf 83' lang='lat' dir='ltr'><strong><em>Att.</em></strong></span> <span class='ocrx_word' id='word_1_237' title='bbox 1437 1841 1470 1881; x_wconf 92' lang='lat'><strong><em>8,</em></strong></span> 
     </span>
     <span class='ocr_line' id='line_1_29' title="bbox 105 1874 1497 1938; baseline 0.016 -28"><span class='ocrx_word' id='word_1_238' title='bbox 105 1879 131 1917; x_wconf 89' lang='lat'><em>9</em></span> <span class='ocrx_word' id='word_1_239' title='bbox 155 1874 265 1912; x_wconf 81' lang='lat' dir='ltr'><strong><em>crebo</em></strong></span> <span class='ocrx_word' id='word_1_240' title='bbox 290 1876 394 1912; x_wconf 87' lang='lat' dir='ltr'><strong><em>illius</em></strong></span> <span class='ocrx_word' id='word_1_241' title='bbox 418 1876 563 1911; x_wconf 85' lang='lat' dir='ltr'><strong><em>litterae</em></strong></span> <span class='ocrx_word' id='word_1_242' title='bbox 593 1875 644 1912; x_wconf 79' lang='lat' dir='ltr'><strong><em>ab</em></strong></span> <span class='ocrx_word' id='word_1_243' title='bbox 673 1879 762 1914; x_wconf 87' lang='lat' dir='ltr'><strong><em>aliis</em></strong></span> <span class='ocrx_word' id='word_1_244' title='bbox 794 1880 849 1916; x_wconf 83' lang='lat' dir='ltr'><strong><em>ad</em></strong></span> <span class='ocrx_word' id='word_1_245' title='bbox 880 1894 951 1918; x_wconf 88' lang='lat' dir='ltr'><strong><em>nos</em></strong></span> <span class='ocrx_word' id='word_1_246' title='bbox 986 1896 1219 1933; x_wconf 82' lang='lat' dir='ltr'><strong><em>commeant;</em></strong></span> <span class='ocrx_word' id='word_1_247' title='bbox 1241 1892 1408 1938; x_wconf 63' lang='lat' dir='ltr'><strong><em>,Liv.25,</em></strong></span> <span class='ocrx_word' id='word_1_248' title='bbox 1424 1900 1470 1932; x_wconf 85' lang='lat'><strong><em>30</em></strong></span> <span class='ocrx_word' id='word_1_249' title='bbox 1494 1884 1497 1886; x_wconf 22' lang='lat'>³</span> 
     </span>
    </p>
   </div>
   <div class='ocr_carea' id='block_1_7' title="bbox 105 1935 1477 2052">
    <p class='ocr_par' dir='ltr' id='par_1_12' title="bbox 105 1935 1477 2052">
     <span class='ocr_line' id='line_1_30' title="bbox 106 1935 1477 1998; baseline 0.014 -28"><span class='ocrx_word' id='word_1_250' title='bbox 106 1935 252 1982; x_wconf 86' lang='lat' dir='ltr'><strong><em>legatos</em></strong></span> <span class='ocrx_word' id='word_1_251' title='bbox 282 1945 497 1971; x_wconf 89' lang='lat' dir='ltr'><strong><em>commeare</em></strong></span> <span class='ocrx_word' id='word_1_252' title='bbox 531 1935 629 1971; x_wconf 89' lang='lat' dir='ltr'><strong><em>ultro</em></strong></span> <span class='ocrx_word' id='word_1_253' title='bbox 666 1938 868 1986; x_wconf 85' lang='lat' dir='ltr'><strong><em>citroque;)</em></strong></span> <span class='ocrx_word' id='word_1_254' title='bbox 905 1939 1002 1987; x_wconf 81' lang='lat'><strong>1,‘46</strong></span> <span class='ocrx_word' id='word_1_255' title='bbox 1026 1957 1079 1981; x_wconf 85' lang='lat' dir='ltr'><strong><em>an</em></strong></span> <span class='ocrx_word' id='word_1_256' title='bbox 1111 1950 1330 1995; x_wconf 78' lang='lat' dir='ltr'><strong><em>Augustum</em></strong></span> <span class='ocrx_word' id='word_1_257' title='bbox 1354 1951 1477 1998; x_wconf 78' lang='lat' dir='ltr'><strong><em>fessa</em></strong></span> 
     </span>
     <span class='ocr_line' id='line_1_31' title="bbox 105 1993 1469 2052; baseline 0.012 -23"><span class='ocrx_word' id='word_1_258' title='bbox 105 1993 230 2030; x_wconf 79' lang='lat' dir='ltr'><strong><em>aetate</em></strong></span> <span class='ocrx_word' id='word_1_259' title='bbox 271 1994 406 2030; x_wconf 87' lang='lat' dir='ltr'><strong><em>totiens</em></strong></span> <span class='ocrx_word' id='word_1_260' title='bbox 442 1994 484 2029; x_wconf 85' lang='lat' dir='ltr'><strong><em>in</em></strong></span> <span class='ocrx_word' id='word_1_261' title='bbox 524 1996 747 2030; x_wconf 81' lang='lat' dir='ltr'><strong><em>Germanias</em></strong></span> <span class='ocrx_word' id='word_1_262' title='bbox 781 2008 995 2037; x_wconf 87' lang='lat' dir='ltr'><strong><em>commeare</em></strong></span> <span class='ocrx_word' id='word_1_263' title='bbox 1010 2006 1023 2012; x_wconf 54' lang='lat'><em>¹</em></span> <span class='ocrx_word' id='word_1_264' title='bbox 1036 2007 1218 2050; x_wconf 83' lang='lat' dir='ltr'><strong><em>potuisse,·</em></strong></span> <span class='ocrx_word' id='word_1_265' title='bbox 1258 2005 1294 2052; x_wconf 78' lang='grc'><strong><em>4,</em></strong></span> <span class='ocrx_word' id='word_1_266' title='bbox 1312 2013 1357 2049; x_wconf 86' lang='lat'><strong><em>27</em></strong></span> <span class='ocrx_word' id='word_1_267' title='bbox 1393 2018 1469 2047; x_wconf 80' lang='lat' dir='ltr'><strong><em>tres</em></strong></span> 
     </span>
    </p>
   </div>
   <div class='ocr_carea' id='block_1_8' title="bbox 46 2051 1494 2693">
    <p class='ocr_par' dir='ltr' id='par_1_13' title="bbox 46 2051 1494 2693">
     <span class='ocr_line' id='line_1_32' title="bbox 105 2051 1467 2107; baseline 0.015 -21"><span class='ocrx_word' id='word_1_268' title='bbox 105 2051 268 2088; x_wconf 80' lang='lat' dir='ltr'><strong><em>biremes</em></strong></span> <span class='ocrx_word' id='word_1_269' title='bbox 291 2051 477 2099; x_wconf 83' lang='lat' dir='ltr'><strong><em>adpulere</em></strong></span> <span class='ocrx_word' id='word_1_270' title='bbox 501 2052 557 2088; x_wconf 87' lang='lat' dir='ltr'><strong><em>ad</em></strong></span> <span class='ocrx_word' id='word_1_271' title='bbox 582 2065 674 2088; x_wconf 89' lang='lat' dir='ltr'><strong><em>usus</em></strong></span> <span class='ocrx_word' id='word_1_272' title='bbox 706 2060 983 2095; x_wconf 82' lang='lat' dir='ltr'><strong><em>commeantium</em></strong></span> <span class='ocrx_word' id='word_1_273' title='bbox 1015 2061 1095 2098; x_wconf 28' lang='lat' dir='ltr'><strong><em>illos</em></strong></span> <span class='ocrx_word' id='word_1_274' title='bbox 1113 2066 1228 2101; x_wconf 85' lang='lat' dir='ltr'><strong><em>mari.</em></strong></span> <span class='ocrx_word' id='word_1_275' title='bbox 1263 2068 1334 2104; x_wconf 65' lang='lat' dir='ltr'><strong><em>Cf.</em></strong></span> <span class='ocrx_word' id='word_1_276' title='bbox 1362 2069 1467 2107; x_wconf 77' lang='lat' dir='ltr'><strong><em>Caes.</em></strong></span> 
     </span>
     <span class='ocr_line' id='line_1_33' title="bbox 46 2111 1297 2167; baseline 0.012 -21"><span class='ocrx_word' id='word_1_277' title='bbox 46 2131 49 2133; x_wconf 61' lang='lat'>&gt;</span> <span class='ocrx_word' id='word_1_278' title='bbox 104 2112 150 2147; x_wconf 86' lang='grc' dir='ltr'><strong><em>Β.</em></strong></span> <span class='ocrx_word' id='word_1_279' title='bbox 178 2112 225 2147; x_wconf 80' lang='lat' dir='ltr'><strong><em>G.</em></strong></span> <span class='ocrx_word' id='word_1_280' title='bbox 240 2116 273 2155; x_wconf 92' lang='lat'><strong><em>1,</em></strong></span> <span class='ocrx_word' id='word_1_281' title='bbox 290 2116 309 2148; x_wconf 90' lang='lat'><strong>1</strong></span> <span class='ocrx_word' id='word_1_282' title='bbox 335 2113 490 2147; x_wconf 85' lang='lat' dir='ltr'><strong><em>minime</em></strong></span> <span class='ocrx_word' id='word_1_283' title='bbox 515 2111 571 2148; x_wconf 83' lang='lat' dir='ltr'><strong><em>ad</em></strong></span> <span class='ocrx_word' id='word_1_284' title='bbox 595 2125 657 2149; x_wconf 91' lang='lat' dir='ltr'><strong><em>eos</em></strong></span> <span class='ocrx_word' id='word_1_285' title='bbox 680 2122 909 2153; x_wconf 82' lang='lat' dir='ltr'><strong><em>mercatores</em></strong></span> <span class='ocrx_word' id='word_1_286' title='bbox 933 2131 1047 2167; x_wconf 89' lang='lat' dir='ltr'><strong><em>saepe</em></strong></span> <span class='ocrx_word' id='word_1_287' title='bbox 1072 2132 1297 2164; x_wconf 87' lang='lat' dir='ltr'><strong><em>commeant.</em></strong></span> 
     </span>
     <span class='ocr_line' id='line_1_34' title="bbox 203 2170 1465 2233; baseline 0.013 -26"><span class='ocrx_word' id='word_1_288' title='bbox 203 2170 547 2207; x_wconf 89' lang='lat' dir='ltr'>COMMILITIUM</span> <span class='ocrx_word' id='word_1_289' title='bbox 571 2170 715 2219; x_wconf 86' lang='lat' dir='ltr'>(0vid.,</span> <span class='ocrx_word' id='word_1_290' title='bbox 735 2174 887 2222; x_wconf 87' lang='lat' dir='ltr'><strong><em>Vellej.,</em></strong></span> <span class='ocrx_word' id='word_1_291' title='bbox 910 2177 1086 2227; x_wconf 66' lang='lat' dir='ltr'><strong><em>Quintil„</em></strong></span> <span class='ocrx_word' id='word_1_292' title='bbox 1099 2181 1196 2218; x_wconf 85' lang='lat' dir='ltr'><strong><em>Plin.</em></strong></span> <span class='ocrx_word' id='word_1_293' title='bbox 1221 2183 1338 2233; x_wconf 85' lang='lat' dir='ltr'><strong><em>min.)</em></strong></span> <span class='ocrx_word' id='word_1_294' title='bbox 1361 2187 1465 2226; x_wconf 90' lang='lat' dir='ltr'><strong><em>Ann.</em></strong></span> 
     </span>
     <span class='ocr_line' id='line_1_35' title="bbox 106 2226 1340 2273; baseline 0.011 -11"><span class='ocrx_word' id='word_1_295' title='bbox 106 2234 140 2273; x_wconf 89' lang='lat'><strong><em>1,</em></strong></span> <span class='ocrx_word' id='word_1_296' title='bbox 155 2227 202 2266; x_wconf 88' lang='lat'><strong><em>60</em></strong></span> <span class='ocrx_word' id='word_1_297' title='bbox 226 2234 265 2264; x_wconf 78' lang='lat' dir='ltr'><strong><em>et</em></strong></span> <span class='ocrx_word' id='word_1_298' title='bbox 289 2226 386 2264; x_wconf 86' lang='lat' dir='ltr'><strong><em>Hist.</em></strong></span> <span class='ocrx_word' id='word_1_299' title='bbox 398 2234 434 2272; x_wconf 87' lang='lat'><strong><em>3,</em></strong></span> <span class='ocrx_word' id='word_1_300' title='bbox 449 2233 471 2266; x_wconf 90' lang='lat'><em>5</em></span> <span class='ocrx_word' id='word_1_301' title='bbox 495 2230 537 2265; x_wconf 79' lang='lat' dir='ltr'><strong><em>in.</em></strong></span> <span class='ocrx_word' id='word_1_302' title='bbox 560 2232 823 2268; x_wconf 83' lang='lat' dir='ltr'><strong><em>commilitium</em></strong></span> <span class='ocrx_word' id='word_1_303' title='bbox 848 2234 998 2272; x_wconf 78' lang='lat' dir='ltr'><strong><em>adsciti.</em></strong></span> <span class='ocrx_word' id='word_1_304' title='bbox 1328 2235 1340 2253; x_wconf 83' lang='lat'><strong><em>&#39;&#39;</em></strong></span> 
     </span>
     <span class='ocr_line' id='line_1_36' title="bbox 203 2286 1469 2352; baseline 0.012 -32"><span class='ocrx_word' id='word_1_305' title='bbox 203 2286 522 2325; x_wconf 84' lang='lat' dir='ltr'>COMMODARE</span> <span class='ocrx_word' id='word_1_306' title='bbox 555 2287 687 2326; x_wconf 85' lang='lat' dir='ltr'><strong><em>minus</em></strong></span> <span class='ocrx_word' id='word_1_307' title='bbox 717 2290 804 2327; x_wconf 82' lang='lat' dir='ltr'><strong><em>usit.</em></strong></span> <span class='ocrx_word' id='word_1_308' title='bbox 836 2291 1024 2340; x_wconf 84' lang='lat' dir='ltr'><strong><em>juncturis</em></strong></span> <span class='ocrx_word' id='word_1_309' title='bbox 1055 2293 1159 2334; x_wconf 80' lang='lat' dir='ltr'><strong><em>Anu.</em></strong></span> <span class='ocrx_word' id='word_1_310' title='bbox 1174 2305 1231 2344; x_wconf 84' lang='lat'><strong><em>15,</em></strong></span> <span class='ocrx_word' id='word_1_311' title='bbox 1247 2306 1293 2341; x_wconf 85' lang='lat'><strong><em>53</em></strong></span> <span class='ocrx_word' id='word_1_312' title='bbox 1327 2317 1469 2352; x_wconf 77' lang='lat' dir='ltr'><strong><em>quam..</em></strong></span> 
     </span>
     <span class='ocr_line' id='line_1_37' title="bbox 107 2344 1468 2403; baseline 0.015 -23"><span class='ocrx_word' id='word_1_313' title='bbox 107 2346 166 2381; x_wconf 82' lang='lat' dir='ltr'><strong><em>vis</em></strong></span> <span class='ocrx_word' id='word_1_314' title='bbox 189 2344 403 2382; x_wconf 83' lang='lat' dir='ltr'><strong><em>absurdum</em></strong></span> <span class='ocrx_word' id='word_1_315' title='bbox 427 2346 620 2383; x_wconf 84' lang='lat' dir='ltr'><strong><em>videretur</em></strong></span> <span class='ocrx_word' id='word_1_316' title='bbox 642 2369 691 2376; x_wconf 92' lang='lat'><strong><em>--</em></strong></span> <span class='ocrx_word' id='word_1_317' title='bbox 714 2351 868 2388; x_wconf 82' lang='lat' dir='ltr'><strong><em>inanem</em></strong></span> <span class='ocrx_word' id='word_1_318' title='bbox 885 2354 949 2391; x_wconf 71' lang='lat' dir='ltr'><strong><em>,ad</em></strong></span> <span class='ocrx_word' id='word_1_319' title='bbox 972 2367 1078 2403; x_wconf 87' lang='lat' dir='ltr'><strong><em>spem</em></strong></span> <span class='ocrx_word' id='word_1_320' title='bbox 1101 2362 1311 2397; x_wconf 84' lang='lat' dir='ltr'><strong><em>Antoniam</em></strong></span> <span class='ocrx_word' id='word_1_321' title='bbox 1336 2376 1468 2400; x_wconf 87' lang='lat' dir='ltr'><strong><em>nomen</em></strong></span> 
     </span>
     <span class='ocr_line' id='line_1_38' title="bbox 108 2405 1469 2459; baseline 0.015 -21"><span class='ocrx_word' id='word_1_322' title='bbox 108 2409 143 2438; x_wconf 87' lang='lat' dir='ltr'><strong><em>et</em></strong></span> <span class='ocrx_word' id='word_1_323' title='bbox 176 2405 384 2451; x_wconf 84' lang='lat' dir='ltr'><strong><em>periculum</em></strong></span> <span class='ocrx_word' id='word_1_324' title='bbox 423 2406 746 2454; x_wconf 83' lang='lat' dir='ltr'><strong><em>commodavisse,·</em></strong></span> <span class='ocrx_word' id='word_1_325' title='bbox 784 2411 915 2459; x_wconf 83' lang='lat' dir='ltr'><strong><em>Agric.</em></strong></span> <span class='ocrx_word' id='word_1_326' title='bbox 937 2418 984 2451; x_wconf 84' lang='lat'><strong><em>32</em></strong></span> <span class='ocrx_word' id='word_1_327' title='bbox 1028 2415 1277 2455; x_wconf 81' lang='lat' dir='ltr'><strong><em>dominationi</em></strong></span> <span class='ocrx_word' id='word_1_328' title='bbox 1321 2423 1469 2459; x_wconf 85' lang='lat' dir='ltr'><strong><em>alienae</em></strong></span> 
     </span>
     <span class='ocr_line' id='line_1_39' title="bbox 108 2463 1465 2522; baseline 0.017 -28"><span class='ocrx_word' id='word_1_329' title='bbox 108 2463 329 2508; x_wconf 87' lang='lat' dir='ltr'><strong><em>sanguinem</em></strong></span> <span class='ocrx_word' id='word_1_330' title='bbox 353 2464 596 2500; x_wconf 82' lang='lat' dir='ltr'><strong><em>commodare</em></strong></span> <span class='ocrx_word' id='word_1_331' title='bbox 621 2467 691 2514; x_wconf 83' lang='lat' dir='ltr'><strong>(cf.</strong></span> <span class='ocrx_word' id='word_1_332' title='bbox 715 2468 800 2506; x_wconf 86' lang='lat' dir='ltr'><strong><em>Liv.</em></strong></span> <span class='ocrx_word' id='word_1_333' title='bbox 815 2468 873 2514; x_wconf 80' lang='grc'><strong><em>34,</em></strong></span> <span class='ocrx_word' id='word_1_334' title='bbox 892 2477 936 2510; x_wconf 87' lang='grc'><strong><em>12</em></strong></span> <span class='ocrx_word' id='word_1_335' title='bbox 961 2486 1009 2508; x_wconf 83' lang='grc' dir='ltr'><strong><em>ηε</em></strong></span> <span class='ocrx_word' id='word_1_336' title='bbox 1032 2487 1124 2510; x_wconf 83' lang='lat' dir='ltr'><strong><em>suas</em></strong></span> <span class='ocrx_word' id='word_1_337' title='bbox 1147 2479 1259 2522; x_wconf 84' lang='lat' dir='ltr'><strong><em>vires,</em></strong></span> <span class='ocrx_word' id='word_1_338' title='bbox 1286 2481 1375 2516; x_wconf 87' lang='lat' dir='ltr'><strong><em>aliis</em></strong></span> <span class='ocrx_word' id='word_1_339' title='bbox 1400 2494 1465 2517; x_wconf 88' lang='lat' dir='ltr'><strong><em>eas</em></strong></span> 
     </span>
     <span class='ocr_line' id='line_1_40' title="bbox 109 2519 1467 2587; baseline 0.016 -34"><span class='ocrx_word' id='word_1_340' title='bbox 109 2519 401 2567; x_wconf 80' lang='lat' dir='ltr'><strong><em>commodando,</em></strong></span> <span class='ocrx_word' id='word_1_341' title='bbox 426 2526 616 2572; x_wconf 88' lang='lat' dir='ltr'><strong><em>minuat)‚·</em></strong></span> <span class='ocrx_word' id='word_1_342' title='bbox 639 2532 758 2574; x_wconf 73' lang='lat' dir='ltr'><strong><em>cp.=19</em></strong></span> <span class='ocrx_word' id='word_1_343' title='bbox 785 2532 918 2576; x_wconf 88' lang='lat' dir='ltr'><strong><em>parvis</em></strong></span> <span class='ocrx_word' id='word_1_344' title='bbox 939 2535 1106 2578; x_wconf 83' lang='lat' dir='ltr'><strong><em>peccatis</em></strong></span> <span class='ocrx_word' id='word_1_345' title='bbox 1129 2537 1294 2582; x_wconf 86' lang='lat' dir='ltr'><strong><em>veniam,</em></strong></span> <span class='ocrx_word' id='word_1_346' title='bbox 1319 2541 1467 2587; x_wconf 78' lang='lat' dir='ltr'><strong><em>magnis</em></strong></span> 
     </span>
     <span class='ocr_line' id='line_1_41' title="bbox 110 2579 1494 2642; baseline 0.017 -31"><span class='ocrx_word' id='word_1_347' title='bbox 110 2579 344 2616; x_wconf 87' lang='lat' dir='ltr'><strong><em>severitatem</em></strong></span> <span class='ocrx_word' id='word_1_348' title='bbox 369 2583 610 2619; x_wconf 79' lang='lat' dir='ltr'><strong><em>commodare.</em></strong></span> <span class='ocrx_word' id='word_1_349' title='bbox 636 2605 684 2612; x_wconf 91' lang='lat'>—</span> <span class='ocrx_word' id='word_1_350' title='bbox 731 2588 776 2622; x_wconf 90' lang='lat' dir='ltr'><strong><em>In</em></strong></span> <span class='ocrx_word' id='word_1_351' title='bbox 808 2587 882 2624; x_wconf 84' lang='lat' dir='ltr'><strong><em>hoc</em></strong></span> <span class='ocrx_word' id='word_1_352' title='bbox 915 2591 1001 2627; x_wconf 83' lang='lat' dir='ltr'><strong><em>loco</em></strong></span> <span class='ocrx_word' id='word_1_353' title='bbox 1035 2592 1207 2639; x_wconf 84' lang='lat' dir='ltr'><strong><em>Zeugma</em></strong></span> <span class='ocrx_word' id='word_1_354' title='bbox 1239 2603 1356 2642; x_wconf 88' lang='lat' dir='ltr'><strong><em>esset,</em></strong></span> <span class='ocrx_word' id='word_1_355' title='bbox 1389 2598 1494 2634; x_wconf 43' lang='lat' dir='ltr'><strong><em>nisi*</em></strong></span> 
     </span>
     <span class='ocr_line' id='line_1_42' title="bbox 111 2635 1467 2693; baseline 0.016 -24"><span class='ocrx_word' id='word_1_356' title='bbox 111 2635 214 2682; x_wconf 83' lang='lat' dir='ltr'><strong><em>apud</em></strong></span> <span class='ocrx_word' id='word_1_357' title='bbox 238 2635 334 2673; x_wconf 82' lang='lat' dir='ltr'><strong><em>alios</em></strong></span> <span class='ocrx_word' id='word_1_358' title='bbox 358 2637 471 2676; x_wconf 83' lang='lat' dir='ltr'><strong><em>etiam</em></strong></span> <span class='ocrx_word' id='word_1_359' title='bbox 500 2640 582 2688; x_wconf 83' lang='lat' dir='ltr'><strong>huj.</strong></span> <span class='ocrx_word' id='word_1_360' title='bbox 613 2643 747 2680; x_wconf 83' lang='lat' dir='ltr'><strong><em>aetatis</em></strong></span> <span class='ocrx_word' id='word_1_361' title='bbox 779 2645 980 2693; x_wconf 85' lang='lat' dir='ltr'><strong><em>scriptores</em></strong></span> <span class='ocrx_word' id='word_1_362' title='bbox 1015 2652 1316 2689; x_wconf 86' lang='lat' dir='ltr'><strong><em>commodare</em></strong></span> <span class='ocrx_word' id='word_1_363' title='bbox 1351 2656 1467 2691; x_wconf 86' lang='lat' dir='ltr'><strong><em>amit-</em></strong></span> 
     </span>
    </p>
   </div>
   <div class='ocr_carea' id='block_1_9' title="bbox 111 2693 1467 2802">
    <p class='ocr_par' dir='ltr' id='par_1_14' title="bbox 111 2693 1467 2802">
     <span class='ocr_line' id='line_1_43' title="bbox 111 2693 1467 2762; baseline 0.017 -35"><span class='ocrx_word' id='word_1_364' title='bbox 111 2698 206 2729; x_wconf 84' lang='lat' dir='ltr'><strong><em>teret</em></strong></span> <span class='ocrx_word' id='word_1_365' title='bbox 234 2693 466 2741; x_wconf 74' lang='lat' dir='ltr'><strong><em>peculiarem</em></strong></span> <span class='ocrx_word' id='word_1_366' title='bbox 490 2698 816 2762; x_wconf 57' lang='lat' dir='ltr'><strong><em>significationem,</em></strong></span> <span class='ocrx_word' id='word_1_367' title='bbox 851 2716 930 2753; x_wconf 84' lang='lat' dir='ltr'><strong><em>qua</em></strong></span> <span class='ocrx_word' id='word_1_368' title='bbox 954 2705 1058 2744; x_wconf 89' lang='lat' dir='ltr'><strong><em>idem</em></strong></span> <span class='ocrx_word' id='word_1_369' title='bbox 1081 2715 1139 2746; x_wconf 85' lang='lat' dir='ltr'><strong><em>est</em></strong></span> <span class='ocrx_word' id='word_1_370' title='bbox 1160 2710 1266 2758; x_wconf 83' lang='lat' dir='ltr'><strong><em>quod</em></strong></span> <span class='ocrx_word' id='word_1_371' title='bbox 1290 2711 1338 2748; x_wconf 87' lang='lat' dir='ltr'><strong><em>in</em></strong></span> <span class='ocrx_word' id='word_1_372' title='bbox 1362 2725 1412 2762; x_wconf 85' lang='lat' dir='ltr'><strong><em>gr</em></strong></span> <span class='ocrx_word' id='word_1_373' title='bbox 1423 2726 1467 2749; x_wconf 78' lang='lat' dir='ltr'><strong><em>a-</em></strong></span> 
     </span>
     <span class='ocr_line' id='line_1_44' title="bbox 158 2758 1355 2802; baseline 0.014 -14"><span class='ocrx_word' id='word_1_374' title='bbox 158 2758 249 2788; x_wconf 83' lang='lat' dir='ltr'><strong><em>Lex.</em></strong></span> <span class='ocrx_word' id='word_1_375' title='bbox 266 2759 458 2794; x_wconf 75' lang='lat' dir='ltr'><strong><em>Taciteum.</em></strong></span> <span class='ocrx_word' id='word_1_376' title='bbox 1146 2768 1180 2802; x_wconf 90' lang='lat' dir='ltr'>G</span> <span class='ocrx_word' id='word_1_377' title='bbox 1354 2778 1355 2781; x_wconf 77' lang='grc'>’</span> 
     </span>
    </p>
   </div>
  </div>
 </body>
</html>
