1702 2982
523 152 609 205 *de
641 156 777 226 stilo
810 157 1019 206 Taciti.
1383 171 1476 208 va

235 284 277 331 c)
305 275 597 325 absolutus
629 276 949 339 Participiorum
980 285 1045 333 (et
1083 279 1324 339 nominum,
1365 298 1474 344 quae

114 358 225 412 part.
255 348 353 394 loco
383 355 623 411 ponuntur)
653 364 751 392 usus
772 349 956 394 maxime
978 349 1119 394 varius
1152 367 1222 413 ap.
1247 352 1469 408 Tacitum3

114 420 252 465 nullis
275 422 436 465 ‘contra
469 418 633 470 ter-ris‚·
664 419 828 480 ignaro
861 435 915 465 eo
927 432 951 473 ‚·'
977 421 1119 465 libem
1153 431 1271 476 (cum
1292 423 1471 469 liberum

113 497 250 544 esset)
283 489 403 551 'quid
440 490 662 551 firmaret
692 497 968 544 mutar-elom
1002 494 1128 555 ¹jura
1163 493 1314 553 gie-dit,
1369 497 1470 556 quis

106 577 241 621 pacetx
261 567 308 605 et
346 560 560 620 principe
592 567 843 614 u'teremum
891 570 1135 622 comperto
1170 580 1337 609 vanam
1369 582 1471 612 esse

41 669 44 672 .
94 632 424 694 fonmidinem3
454 632 612 687 invito,
646 633 856 691 cupienti,
893 633 1063 679 volenti
1087 634 1200 679 mihi
1226 642 1311 681 est.

164 723 261 762 ‘50
289 717 429 763 Usus
464 717 732 798 ssgerundii
782 729 832 763 et
883 719 1090 783 supinis:
1155 722 1468 783 gerundium
1522 725 1525 728 “

111 789 220 835 sicut
250 788 401 835 infinit.
434 789 525 835 vice
562 789 749 850 fungitur
779 790 1053 847 substantivi3
1086 794 1204 837 sexto
1236 810 1336 840 casu
1367 810 1467 839 con·

109 860 375 906 suetudinem
415 871 457 905 et
488 861 631 905 omnio
669 878 761 906 rem
793 862 964 924 saepius
1003 864 1227 925 repetitam
1258 865 1466 938 exprimit,

109 942 339 1014 cognatum
366 931 428 977 ita
457 930 704 995 imperfecto
736 943 778 978 et
807 932 885 978 inf.
917 932 1139 990 historico,
1182 936 1260 981 sed
1291 953 1464 1000 compo-

106 1003 231 1050 nitur
264 1003 392 1049 etiam
434 1021 526 1049 cum
567 1013 678 1065 part.
710 1019 851 1065 praes.
883 1021 1047 1050 socors
1093 1006 1323 1067 ingenium
1369 1011 1467 1072 ejus

0 1091 3 1093 “
65 1107 69 1112 -
106 1075 156 1119 in
186 1074 468 1120 contrarium
499 1074 683 1119 trahens
722 1075 1033 1137 callidumque
1069 1083 1116 1120 et
1153 1078 1468 1123 simulatorem

32 1204 42 1212 .
106 1145 472 1205 interpretando,
518 1145 687 1207 saepius
730 1146 857 1191 etiam
898 1163 1026 1209 quam
1057 1163 1127 1210 ap.
1159 1147 1333 1194 Livium
1369 1166 1464 1212 par-

106 1216 239 1280 ticipii
267 1215 344 1262 fut.
365 1233 485 1280 pass.
507 1216 604 1262 loco
634 1217 837 1263 retinetur
867 1236 962 1264 cum
983 1235 1086 1265 casu
1116 1236 1216 1264 suo:
1245 1213 1463 1265 niutando

106 1289 325 1333 sordidas
369 1297 539 1334 merces
582 1289 960 1346 sustentabatur3
1018 1307 1099 1353 pro
1122 1289 1261 1335 'infin.
1292 1286 1464 1352 ponitur

111 1359 335 1420 Vologesi
359 1388 417 1396 —
439 1360 646 1421 penitus
679 1361 869 1405 insitum
915 1368 1021 1405 erat
1069 1378 1206 1405 arma
1243 1362 1466 1409 Romana

110 1431 300 1476 vitandi.
371 1431 590 1503 Supini
610 1442 652 1476 et
693 1443 843 1494 quarto
890 1443 931 1477 et
973 1443 1092 1477 sexto
1135 1449 1236 1478 casu
1281 1434 1413 1479 crebri
1401 1450 1466 1480 or

109 1518 238 1564 quam
279 1519 349 1565 ap.
380 1490 573 1565 reliquos
613 1518 716 1548 usus
757 1505 971 1550 notandus
1004 1515 1107 1558 est3'
1141 1504 1336 1568 exempla
1366 1516 1465 1550 sunt

107 1580 291 1633 mptum
319 1574 395 1630 ire,
430 1575 576 1618 altum
604 1573 680 1629 ire,
706 1583 966 1635 promptum
998 1575 1182 1636 qsfecta.

257 1671 337 1715 III.
367 1671 623 1733 Syntaxis
665 1663 1053 1734 particularum
1094 1674 1221 1735 saepe
1252 1674 1408 1719 recedit
1439 1692 1467 1719 a

107 1740 275 1804 vulgari
315 1742 504 1804 priorum
542 1759 620 1787 usu
660 1761 754 1788 cum
793 1753 1023 1789 structurae
1062 1755 1150 1789 tum
1192 1744 1463 1806 significatio-

109 1812 177 1857 nis
209 1813 372 1858 ratione
415 1812 583 1868 habita;
636 1814 711 1860 sed
754 1813 920 1877 singula
957 1814 1038 1861 hoc
1083 1814 1181 1860 loco
1219 1833 1465 1879 percensere

109 1899 196 1929 non
235 1884 397 1930 attinet.

256 1969 343 2015 IV.
385 1970 692 2016 Collocatio
734 1973 1017 2018 verborum
1058 1989 1261 2035 magnam
1301 1985 1465 2036 partem

108 2051 333 2102 argenteae
374 2043 503 2102 aetati
541 2042 762 2104 peculiaris
800 2043 1026 2106 plurimum
1065 2043 1178 2089 valet
1217 2045 1271 2090 ad
1308 2062 1464 2108 cogno-

109 2112 311 2173 scendam
354 2113 442 2169 stili
485 2113 655 2159 Tacitei
696 2115 802 2171 vim,
848 2133 941 2160 eum
974 2131 1024 2159 ea
1056 2131 1222 2177 quoque
1261 2111 1392 2161 faciat
1423 2127 1465 2162 et

109 2183 166 2228 ad
201 2183 471 2241 varietatem,
516 2195 558 2229 et
584 2185 638 2230 ad
653 2181 916 2247 ‘brevitatem
948 2188 1038 2247 ejus
1071 2186 1325 2247 augendam.

201 2280 240 2314 1.
271 2269 630 2331 'praeponitur
659 2272 874 2334 dignitatis
907 2288 1064 2317 nomen
1094 2272 1343 2332 imperator
1367 2274 1464 2318 Αιι-
1490 2305 1499 2314 s

108 2347 292 2401 gustus,
341 2341 522 2385 Caesar
557 2341 708 2399 Titus,
754 2343 958 2394 dictator
993 2343 1175 2388 Caesar
1207 2344 1307 2397 (sed
1338 2344 1464 2390 etiam

115 2411 296 2456 Caesar
340 2412 591 2468 dictator),
641 2431 791 2475 augur
833 2415 1056 2459 Lentulus
1064 2434 1081 2470 3
1128 2414 1230 2459 item
1276 2422 1387 2459 ante
1424 2427 1465 2460 et

103 2489 220 2541 post
257 2482 461 2528 adverbia
500 2485 785 2549 accusativum
828 2501 1135 2547 nonnunquam
1183 2487 1465 2548 praecedunt:

110 2552 242 2598 nobis
272 2581 330 2590 —
363 2561 469 2598 ante
503 2555 854 2615 'quadriennium
894 2557 1094 2600 amissus
1136 2572 1205 2611 eS,
1251 2557 1325 2602 ubi
1363 2573 1467 2602 voce

111 2623 364 2668 efferendam
394 2622 488 2670 esse
518 2626 780 2693 particulam,
813 2645 866 2672 ne
898 2644 995 2672 cum
1024 2628 1341 2688 praepositione
1365 2643 1463 2672 con-

111 2692 325 2750 fundatur,
356 2706 468 2742 recte
499 2708 643 2744 monet
659 2685 735 2745 W
737 2692 922 2754 alchius;
951 2698 1011 2743 ita
1027 2714 1120 2744 non
1137 2712 1302 2759 quoquc
1335 2697 1469 2742 divel

157 2771 453 2804 Lex.'1'aeiteum.
1150 2773 1178 2811 5

517 2880 543 2910 a)
