1702 2982
304 201 309 211 ,
669 163 920 215 Pronomen
970 193 976 198 ·
1109 176 1137 190 ⁹
1390 175 1475 218 385

252 235 262 261 1
661 247 665 257 1
923 228 940 250 ⁸
1085 227 1097 232 ⁹

113 268 190 328 quo
217 279 347 316 omnia
371 288 469 328 quae
491 283 591 316 recte
602 277 757 326 fierent
771 279 1016 327 referrentur,
1050 292 1170 331 nequo
1191 284 1236 323 id
1258 286 1384 332 ipsum
1409 296 1476 326 us-
1493 335 1502 341 χ

116 348 237 386 quam
261 337 460 384 referretur
482 335 529 384 (i.
553 348 587 375 e.
612 337 786 386 quodque
807 340 932 383 ipsum
957 351 1148 388 nusquam
1173 343 1407 393 referretur).

152 434 153 437 ,
213 394 337 433 Obvia
361 393 476 432 etiam
500 406 561 442 ap.
588 394 731 442 priores
759 402 817 433 est
839 392 992 436 relativi
1025 399 1184 437 omissio
1209 402 1253 439 in
1284 404 1475 451 ejusmodi

114 452 445 490 enuntiationibus
452 474 464 498 ,
503 464 602 502 quae
636 453 799 491 orationi
820 454 1005 504 ¹insertae,
1040 460 1269 509 plerumque
1303 463 1475 511 explica-

114 510 213 548 tioni
246 517 284 548 et
315 511 571 560 exprimendo
606 512 771 550 consilio
803 512 1022 552 inserviunt
1053 518 1156 554 Ann.
1177 520 1211 563 6,
1234 525 1280 557 10
1312 526 1355 556 L.
1389 515 1473 560 Pis‘o

108 568 291 616 pontifex,
327 571 469 619 (quod)
503 583 635 608 rarum
661 575 702 608 in
726 579 836 608 tanta
862 572 1101 620 claritudine,
1126 576 1220 623 fato
1254 578 1346 615 obiit
1378 582 1473 625 (alio

107 628 218 664 loco.
234 655 244 666 .
260 653 270 664 .
299 635 344 673 et,
383 630 522 679 (quod)
549 643 683 667 rarum
717 631 759 666 in
792 633 966 668 societate
996 638 1196 681 potentiae,
1232 642 1473 687 concordes),-

109 690 182 730 1‚3
212 693 378 723 ceterum
400 693 611 736 Augustus,
645 688 818 726 subsidia
852 689 1103 729 dominationi
1141 695 1184 740 (i.
1208 708 1241 732 e.
1277 708 1376 747 quae
1409 712 1472 737 es-

107 749 194 783 sent
225 743 422 792 subsidia3
454 746 499 782 in
525 746 667 796 quibus
703 748 812 785 elatis
844 748 1057 787 dominatio
1076 752 1246 790 «haberet
1281 756 1471 806 subsidia)

108 803 310 841 Claudium
345 806 581 851 Marcellum
607 826 656 833 -
678 806 905 852 pontificatu
937 815 972 844 et
1006 812 1130 847 curuli
1164 813 1378 861 aedilitate,
1411 821 1470 854 M.
1518 838 1523 849 v

105 864 322 910 Agrippam
352 881 401 890 -—
432 867 635 913 geminatis
675 866 934 902 consulatibus
967 870 1121 914 extulit5
1160 882 1220 919 cp.
1233 876 1278 913 27
1313 882 1354 910 ut
1386 880 1470 924 quis

103 923 430 967 praetorianorum
457 925 623 960 militum
648 927 908 962 amicorumve
934 930 1108 964 Caesaris
1132 941 1354 978 occurreret,
1378 947 1470 971 ma-

106 992 181 1017 nus
205 981 446 1025 intentantes,
477 994 638 1031 causam
667 983 881 1020 discordiae
905 992 939 1021 et
960 988 1117 1037 ⁴initium
1144 994 1340 1028 armorum
1372 994 1415 1038 (i.
1434 1007 1467 1031 e.

104 1051 205 1089 quae
237 1051 353 1081 causa
386 1040 503 1086 esset)
512 1051 524 1088 ς
559 1052 621 1089 cp.
635 1047 682 1079 30
709 1043 895 1090 quosdam
921 1046 994 1089 ipsi
1024 1049 1226 1093 manipuli,
1261 1049 1469 1089 documen-

105 1105 189 1135 tum
202 1097 317 1143 fidei,
347 1099 572 1146 tradidere‚··
595 1098 719 1149 op.lt9
743 1105 1007 1143 truces-etiam
1033 1111 1116 1141 tum
1149 1109 1298 1145 animos
1331 1113 1468 1157 cupido

103 1158 251 1194 involat
275 1158 389 1195 eundi
420 1160 461 1194 in
485 1159 644 1206 hostem,
676 1161 876 1205 piaculum
899 1162 1075 1209 furoris5
1110 1170 1167 1212 12,
1181 1171 1227 1204 32
1253 1169 1468 1205 colonia-—

103 1215 306 1254 deducitur
330 1218 371 1253 in
395 1229 510 1264 agros
541 1220 725 1266 captivos,
763 1220 975 1258 subsidium
1001 1223 1191 1261 adversus
1223 1227 1388 1275 rebelles,
1421 1237 1467 1267 et

101 1274 389 1312 imbuendis
415 1275 574 1313 sociis
601 1276 827 1324 (consilium
852 1278 968 1328 igitur
986 1283 1235 1332 exprimitur>
1260 1288 1467 1337 adsqfflcia

102 1334 249 1383 legurm·
285 1345 347 1382 cp.
361 1339 409 1377 29
435 1336 580 1371 auxilia
606 1347 676 1380 pro
710 1339 796 1381 ripa
824 1348 1062 1384 componeret
1085 1343 1254 1381 subsidio
1285 1349 1397 1383 victis
1431 1358 1466 1386 et

101 1400 282 1429 terrorem
316 1394 501 1429 adversus
533 1395 693 1429 victores
701 1408 715 1435 ,-
751 1396 807 1442 16,
825 1400 844 1434 8
877 1399 1050 1435 Silanum
1085 1402 1272 1448 increpuit
1303 1406 1351 1433 —'
1375 1415 1465 1444 tan-

101 1462 219 1499 quam
245 1443 465 1496 disponeret*
484 1452 568 1496 jam
594 1454 746 1497 imperii
770 1464 896 1502 curas,
931 1457 1228 1510 praeficeretque
1251 1466 1462 1503 rationibus

101 1516 135 1544 et
168 1508 303 1545 libellis
333 1517 367 1545 et
399 1512 565 1555 epistolis
599 1512 765 1557 libertos,
806 1515 940 1551 inania
982 1519 1098 1554 simul
1127 1527 1164 1554 et
1184 1520 1302 1566 falsa
1336 1525 1465 1575 (quae

100 1569 224 1613 erant)
234 1578 247 1614 3
281 1566 489 1614 Hist.1‚44
515 1582 643 1605 omnes
669 1573 839 1620 conquiri
871 1581 906 1609 et
938 1576 1103 1620 interfici
1129 1579 1252 1628 jussit,
1286 1596 1363 1620 non
1393 1586 1465 1622 ἧο-

99 1639 191 1663 nore
219 1627 377 1672 Galbae,
412 1627 480 1663 sed
513 1628 655 1664 tradito
685 1631 921 1676 principibus
952 1646 1066 1680 more,
1091 1637 1372 1680 'hunimentum
1408 1646 1464 1683 ad

99 1696 290 1731 praesens,
326 1687 368 1721 in
399 1694 588 1732 posterum
621 1689 797 1725 ultionem
805 1703 820 1731 ,-
852 1688 885 1734 4,
901 1698 944 1730 18
972 1698 1139 1733 omnium
1166 1699 1343 1749 conjuges
1365 1711 1465 1748 par-4

99 1750 241 1792 vosque
275 1743 412 1780 liberos
445 1748 646 1782 consistere
676 1759 702 1782 a
727 1754 832 1795 tergo
860 1750 978 1796 jubet,
1010 1754 1252 1793 hortamenta
1285 1756 1466 1799 victoriae

98 1803 160 1838 vel
189 1803 309 1848 pulsis
343 1803 527 1848 pudorem
537 1820 550 1849 ‚-
590 1805 696 1840 Ann.
714 1812 831 1851 11,11
866 1811 1172 1862 vulgabaturque
1197 1804 1371 1864 adfuisse
1402 1824 1466 1859 in·-

89 1861 247 1907 fantiae
268 1860 465 1897 'dracones
496 1865 536 1898 in
568 1864 726 1900 modum
759 1867 961 1904 custodum
970 1869 997 1914 ,’
1013 1871 1205 1918 sabulosa
1235 1883 1270 1912 et
1301 1883 1467 1918 externis

100 1921 300 1955 miraculis
340 1919 597 1966 adsimulata3
640 1928 675 1968 3,
696 1927 742 1964 27
784 1930 1010 1971 compositae
1054 1932 1253 1971 duodecim
1294 1938 1463 1986 tabulae,

93 1978 194 2024 finis
220 1981 331 2028 aequi
349 1979 457 2023 'juris
481 1979 569 2028 (qui
595 1985 722 2028 esset).
774 1984 830 2021 Cf.
848 1985 934 2023 Liv.
951 1993 984 2031 1,
1002 1994 1045 2026 13
1071 2002 1359 2033 monumentum
1385 2000 1465 2043 ejus

98 2049 252 2090 pugnae
275 2053 324 2064 -a-
351 2039 516 2075 Curtium
543 2039 672 2075 lacum
698 2044 965 2090 appellarunt;
998 2053 1033 2094 3,
1047 2052 1095 2090 37
1119 2052 1161 2087 id
1191 2055 1304 2091 modo
1335 2058 1463 2102 plebes

103 2095 290 2145 agitabat,
318 2108 483 2143 quonam
508 2098 621 2133 modo
652 2099 902 2139 tribuniciam
924 2113 1157 2157 potestatem,
1184 2116 1464 2154 munimentum

102 2154 278 2199 libertati,
305 2167 384 2190 rem
409 2157 679 2203 intermissam,
712 2172 948 2206 repararent.
1201 2165 1203 2168 ’
1448 2208 1449 2211 ,

196 2215 256 2249 Ex
282 2213 418 2250 eodem
442 2212 642 2254 brevitatis
668 2220 797 2256 studio
831 2212 1024 2269 profectos
1057 2232 1114 2262 est
1146 2240 1239 2266 usus
1273 2233 1341 2269 τοῦ
1371 2236 1465 2272 illuc

102 2283 174 2319 pro
197 2274 238 2308 in
263 2285 360 2319 eum,
399 2283 461 2320 ap.
490 2273 634 2320 priores
666 2276 782 2314 etiam
809 2279 948 2318 obvius
981 2284 1171 2330 Anu-1,3
1203 2290 1295 2325 illuc
1326 2301 1464 2330 cuncta

101 2341 278 2378 vergere5
300 2331 387 2367 Hist
400 2335 434 2377 2,
451 2330 498 2371 24
526 2346 574 2369 ne
600 2344 710 2371 omne
737 2336 823 2374 belli
850 2339 964 2377 decus
988 2344 1081 2395 illuc
1107 2349 1325 2386 concederet
1332 2365 1346 2393 ;
1371 2358 1463 2399 3‚38

103 2400 236 2424 versas
259 2391 354 2425 illuc
380 2393 548 2427 omnium
574 2401 727 2430 mentes.

201 2446 243 2492 2>
270 2448 400 2484 Cetera
426 2461 524 2498 quae
549 2462 570 2486 a
594 2452 747 2499 vulgari
772 2454 926 2492 dicendi
950 2467 1088 2505 genere
1110 2464 1295 2502 recedunt
1312 2466 1355 2503 in
1372 2476 1464 2516 pro-

105 2504 310 2540 nominum
333 2518 426 2549 usu,
444 2508 538 2544 haec
562 2509 640 2546 fere
666 2519 777 2549 sunt:
1462 2527 1466 2537 ¹

201 2562 242 2608 a)
276 2562 402 2599 idem
441 2567 641 2612 ponitur
674 2582 760 2617 pro
793 2572 853 2617 is,
887 2575 992 2611 unde
1023 2572 1237 2616 distinctior
1267 2579 1310 2618 fit
1343 2585 1463 2621 oratio

107 2627 145 2658 et
185 2620 340 2656 additur
378 2622 414 2657 ei
448 2626 675 2674 plerumque
708 2628 775 2668 τοῦ
800 2633 928 2676 etiam,
955 2635 1072 2671 simul
1101 2637 1329 2684 significatio
1362 2642 1468 2678 Ann.

109 2684 143 2724 1,
158 2684 204 2716 23
230 2686 270 2714 ut
295 2691 387 2725 pars
410 2683 573 2719 militum
599 2684 846 2733 gladiatores,
880 2692 945 2738 qui
976 2704 996 2726 e
1019 2697 1167 2731 servitio
1193 2699 1323 2734 Blaesi
1349 2706 1467 2748 erant,

163 2742 290 2773 Lexic.
305 2743 496 2776 Taciteum.
1116 2756 1148 2789 B
1162 2754 1187 2789 b
