1702 2982
996 127 1012 144 Ι
1045 132 1049 139 1

239 211 271 245 x
426 229 433 234 -
747 198 1085 246 Praefatio

239 319 455 375 candias,
497 326 544 364 et
583 318 720 381 (quod
760 318 875 364 idem
913 318 958 365 in
994 318 1178 366 Walch.
1219 318 1356 373 cadit)
1390 301 1599 387 laberio-¹

237 403 406 456 st'usf‘a

355 485 479 530 Haec
507 483 594 531 fere
625 495 757 541 erant,
798 501 906 548 quae
939 485 992 529 de
1031 485 1171 547 operis
1210 485 1292 530 mei
1333 483 1513 530 consilio
1549 493 1594 531 et

235 568 398 614 ratione
429 568 744 631 praemonenda
777 584 871 612 esse
912 568 1154 612 censebam.
1211 569 1321 642 Sed
1336 567 1439 614 dum
1478 569 1591 645 ejus-

236 652 334 697 dem
365 651 582 697 Ciceronis
614 651 741 696 verba
770 650 982 706 recordor,
1021 650 1185 696 nullum
1211 640 1312 696 nos·
1314 667 1476 713 munus
1507 650 1590 696 rei·
1616 671 1621 673 ’

236 734 429 797 publicae
461 734 608 779 afferre
639 734 778 793 majus
807 724 1013 794 meliusve
1040 750 1180 795 posse,
1213 750 1341 795 quam
1369 733 1405 778 si
1436 733 1590 786 docea÷

237 819 330 862 m‘us
361 828 485 878 atque
522 816 762 862 'erudiamus
804 818 1086 876 juventutem,
1130 816 1248 872 dum,
1289 816 1462 861 biennio
1487 823 1590 864 jam-

236 890 366 964 pliusv
378 901 422 945 in
452 899 532 944 hoc
564 900 677 960 quod
709 899 866 944 Tacito
896 916 992 944 meo
1014 899 1140 950 tribui
1161 893 1300 944 studio
1323 895 1590 961 consumpto,
1623 942 1626 943 ⁷

237 1000 336 1029 cura
360 983 610 1028 >dulcissima
642 983 825 1044 quidem,
868 982 944 1027 sed
975 999 1074 1028 cura
1104 989 1247 1027 tamm
1277 981 1506 1044 expeditus⁴
1524 981 1589 1027 in-

237 1067 366 1128 tegris
398 1066 611 1127 auctisque
650 1065 808 1126 ingenii
846 1065 1004 1110 viribus
1043 1076 1178 1110 totum
1215 1083 1283 1110 me
1322 1065 1455 1110 reddo
1493 1063 1616 1119 huie¹

237 1148 406 1212 publico
452 1148 635 1204 muneri,
687 1147 800 1192 haud
845 1148 1077 1193 absurdum
1124 1147 1227 1192 mihi
1273 1164 1368 1192 esse
1415 1147 1590 1203 videtur,

235 1232 381 1296 paucis
413 1232 541 1277 etiam
581 1231 715 1276 falsas
761 1231 1024 1292 quorundam
1059 1231 1111 1275 de
1141 1229 1284 1276 Taciti
1313 1229 1529 1306 librorum
1546 1230 1593 1275 in
1643 1221 1645 1227 ‚

237 1315 393 1360 scholis
424 1314 602 1359 lectione
633 1314 865 1384 opiniones
899 1313 1104 1372 refellere,
1148 1330 1242 1359 cum
1279 1312 1448 1374 gravior
1489 1328 1591 1387 sane

235 1415 304 1443 les
334 1398 387 1442 sit
419 1414 545 1459 quam
574 1396 697 1441 multi
727 1396 992 1442 crediderint.

353 1480 462 1524 Ex
451 1480 504 1524 1is
537 1495 643 1541 quae
683 1496 811 1543 supra
851 1478 1122 1541 exposuimus
1159 1477 1369 1539 latiusque
1405 1478 1452 1522 in
1488 1494 1588 1539 pro-

177 1605 182 1611 .
235 1563 470 1624 legomenis
514 1562 724 1623 totiusque
764 1564 906 1624 operis
957 1572 1154 1606 contextu
1195 1559 1405 1622 prosecuti
1446 1576 1592 1626 sumus

237 1647 290 1692 de
321 1647 483 1691 ratione
516 1662 623 1706 quae
653 1644 886 1689 intercedat
924 1644 1034 1688 inter
1066 1644 1213 1688 Taciti
1252 1643 1396 1693 stilum
1428 1629 1598 1715 (18ῑέϊο-ρ

234 1723 410 1791 r'umque
452 1744 602 1773 aureae
639 1727 818 1771 maxime
859 1727 1008 1771 aetatis
1043 1725 1208 1790 dicendi
1238 1725 1589 1782 consuetudinem,

235 1812 349 1856 haud
381 1811 502 1856 dubie
541 1810 809 1872 perspicitur,
853 1809 1069 1870 discipulis
1092 1799 1153 1853 >in
1188 1808 1407 1855 latinitatis
1446 1807 1588 1871 cogni-

203 1894 350 1943 tione
396 1895 484 1953 jam
530 1892 864 1953 provectioribus
906 1891 1013 1936 nihil
1055 1892 1196 1939 utilius
1239 1908 1288 1936 ac
1336 1890 1588 1937 fructuosius

237 1993 332 2022 esse
372 1985 482 2019 recte
530 1973 720 2017 instituta
758 1973 936 2022 lectione
978 1960 1141 2029 Taciti,
1185 1984 1224 2018 et
1263 1972 1332 2034 qni
1372 1989 1491 2019 secus
1535 1973 1588 2020 de

237 2058 318 2102 hac
347 2074 392 2102 re
424 2055 608 2100 sentiant
639 2073 773 2116 neque
806 2056 858 2100 de
888 2056 1050 2100 ratione
1086 2056 1254 2116 linguae
1283 2055 1440 2102 latinae
1479 2056 1582 2102 tiro·

200 2139 202 2141 ’
236 2141 360 2186 nibus
393 2138 634 2192 tradendae,
665 2154 800 2198 neque
832 2137 883 2181 de
907 2137 1046 2182 Taciti
1078 2138 1260 2199 ingenio,
1292 2155 1428 2200 neque
1459 2139 1587 2185 etiam
1631 2193 1634 2195 v

239 2224 294 2285 de
323 2221 495 2274 summis
526 2220 570 2264 in
611 2219 838 2264 erudienda
877 2219 1263 2283 conformandaque
1293 2222 1506 2282 juventute
1536 2221 1585 2265 fi-

237 2305 362 2349 nibus
394 2302 624 2365 propositis
662 2301 761 2363 quid
798 2319 940 2346 verum
972 2314 1211 2364 rectumque
1244 2305 1300 2348 sit
1331 2304 1433 2349 satis
1465 2303 1584 2350 scire.

237 2385 438 2446 Namque
469 2385 505 2428 si
536 2384 730 2445 plurima,
772 2400 878 2444 quae
915 2385 959 2428 in
991 2385 1172 2430 dictione
1206 2386 1350 2431 Taciti
1387 2387 1585 2432 recedunt
1628 2383 1630 2385 ¹

238 2485 264 2512 a
295 2467 455 2527 vulgari
502 2466 667 2510 dicendi
712 2483 877 2525 genere,
925 2467 1100 2527 singulis
1146 2469 1287 2530 iisque
1329 2447 1443 2519 haud
1485 2473 1584 2514 rari)
1637 2501 1642 2508 ·

238 2549 549 2594 obscurioribus
591 2547 695 2591 locis
742 2548 853 2609 apud
898 2549 1060 2609 priores
1101 2567 1267 2612 quoque
1306 2542 1613 2613 deprehendi-->

239 2649 345 2686 mus,
376 2646 515 2674 nonne
547 2646 597 2673 ea
636 2629 731 2692 ipsa
772 2630 917 2674 melius
954 2632 1166 2678 intellecta
1202 2633 1453 2696 penitusque
1487 2650 1583 2696 per-
1619 2676 1623 2681 s

242 2724 384 2775 specta
422 2711 653 2774 pleniorem
694 2711 887 2772 efficient,
907 2713 1028 2759 latini
1069 2715 1301 2773 sermonis,
1342 2727 1386 2763 et
1420 2717 1587 2778 elegan-
1629 2749 1636 2764 ,-
1700 2748 1702 2751 -

1682 1277 1702 1286 x
