1702 2982
562 191 622 237 de
653 189 779 236 stilo
811 189 1010 238 Taciti.

1353 196 1470 235 XLIII*

44 355 46 360 .
109 313 364 364 Sallustium
402 311 598 374 aliosque
634 325 777 356 rerum
808 319 1002 356 auctores
1033 309 1071 356 si
1100 323 1189 356 non
1218 305 1463 373 Augusteae

107 386 256 434 aetatis
284 395 330 431 at
358 391 468 430 certe
497 380 644 445 paullo
676 381 874 439 serioris,
914 382 1031 445 apud
1060 380 1283 443 Vellejum
1312 381 1463 428 videli-

107 469 188 516 cet,
217 457 369 504 eodem
398 452 489 500 fere
518 453 650 500 modo
679 452 892 516 usurpari.

226 610 382 672 Quae
419 619 590 657 autem
635 607 848 671 longius
892 608 1146 656 recedunt
1189 624 1217 654 a
1261 602 1468 669 vulgari

107 678 379 732 scribendi
408 698 597 745 genere
627 679 758 725 haec
788 679 904 726 fere
937 690 1085 726 sunt.

170 803 208 838 1.
241 790 385 853 Quae
406 788 542 853 apud
561 786 758 853 prioris
780 786 974 833 aetatis
994 797 1183 850 poetas
1203 786 1451 849 leguntur

226 893 273 946 a)
303 902 396 934 cum
416 884 552 948 ipsius
574 881 739 930 formae
759 892 849 928 tum
868 883 1087 944 juncturae
1107 881 1258 930 habita
1278 881 1470 928 rat-ione:

109 970 315 1018 adnuere
345 967 508 1034 aliquid

108 1055 374 1104 aegrescere

110 1129 326 1176 aggerare

111 1184 350 1231 ambedere

112 1274 220 1303 aras
252 1254 423 1301 adolere

110 1329 346 1375 ardescere

115 1400 294 1446 brevia·

116 1471 280 1518 cadere
316 1469 370 1516 ab
403 1469 546 1532 aliquo

115 1543 311 1588 celerare
340 1540 503 1604 aliquid

117 1614 456 1672 circumponere

120 1683 336 1728 comitari
366 1683 486 1740 <sine
515 1687 643 1739 casu)

121 1754 401 1799 concubinus

121 1824 432 1871 conterminus

121 1896 359 1957 contiguus

105 1973 389 2024 ,convectare

123 2037 399 2084 crebrescere
456 2032 459 2038 “

123 2108 328 2169 cupitum
357 2108 543 2162 (subst.)

6 2200 8 2203 ·
124 2181 235 2226 dare
273 2189 390 2234 (cum
418 2179 495 2226 inf.
527 2189 570 2226 et
601 2186 672 2235 ut,
711 2194 769 2224 ne

180 2251 381 2314 particc.)

128 2324 270 2368 decor

127 2390 314 2440 dense-re
345 2402 440 2457 (pro
471 2393 680 2446 densare)

129 2465 364 2511 desertum
385 2465 454 2519 (de
474 2464 570 2512 loco
588 2465 773 2519 deserto)

129 2536 367 2581 desolatus
407 2551 413 2556 ·

131 2607 283 2652 didere

133 2678 330 2724 eburnus

134 2749 374 2809 emptitare

824 966 1084 1012 evalescere-

826 1037 1026 1083 evincire

826 1124 1082 1169 excoquere

827 1195 945 1240 exsp
951 1196 999 1224 es
1080 1222 1084 1225 ,
1427 1186 1438 1206 ’

834 1251 1134 1297 exstimulare

834 1323 1086 1369 exuberare

774 1408 786 1434 ·÷
816 1395 989 1458 facilis
1023 1382 1147 1448 (cum
1170 1395 1313 1448 infin.)

817 1466 1053 1528 fatiscere

816 1537 1000 1598 feralis
1028 1564 1032 1566 ν

816 1608 970 1670 ferox
981 1620 990 1648 ἢ
999 1607 1209 1654 scelerum

817 1679 982 1741 festus
1006 1688 1108 1733 (non
1121 1679 1345 1726 ’solumsad
1367 1681 1479 1727 diem

893 1750 1068 1812 pertin.)

819 1821 953 1884 fidus
989 1829 1129 1883 (poet.
1158 1823 1318 1883 junct.)

821 1893 969 1954 figere
1001 1893 1152 1938 domos

826 1963 953 2024 flere
982 1962 1145 2026 aliquid

839 2034 1125 2096 grandaevus

837 2122 1105 2168 gravescere
1156 2129 1182 2154 e

829 2180 1000 2242 jacere
1030 2176 1177 2225 oscula
1395 2188 1413 2196 ‘

840 2248 1057 2294 immotus

841 2319 1076 2379 impellere
1108 2328 1225 2374 (cum
1255 2318 1399 2375 infin.)

843 2391 1092 2452 impervius

845 2462 1062 2523 impexus

845 2533 1083 2595 implexus

848 2605 1044 2650 inclusus

849 2676 1106 2722 incumbere
1136 2686 1246 2731 (cum
1275 2677 1409 2731 infin.)

850 2747 1161 2793 incustoditus
