1702 2982
523 128 531 146 1
629 144 632 148 ,
718 114 741 138 ,Ἴ
1102 159 1104 161 ,

635 181 979 245 Praefatio
1438 222 1490 257 Ix

129 325 307 372 rumque
320 306 399 357 -jbi
426 311 591 357 tantum
619 312 726 376 ipsis
757 315 865 363 locis
897 319 1130 384 exscriptis,
1161 324 1234 370 ubi
1265 330 1490 378 eosretiam
1543 344 1545 355 ¹

128 371 155 438 a
190 393 229 438 F
232 392 435 439 orcelli'no
475 398 802 457 praetermissos
844 402 1063 461 videbam,
1105 406 1150 451 in
1190 426 1273 471 quo
1317 413 1490 474 quidem

125 454 386 539 magnopere
414 477 542 534 dolui,
570 498 639 525 me
656 481 900 530 Herteliani
924 488 1068 550 operis
1086 488 1199 536 haud
1216 510 1319 541 sane
1351 500 1486 545 omni-

104 557 202 605 bus
233 560 416 606 numeris
438 562 636 619 absoluti,
671 566 746 610 sed
767 567 821 612 ob
846 586 991 616 curam
1011 582 1156 619 tamen
1179 593 1306 638 quam
1328 578 1486 628 Tacito

30 668 38 701 ,—
122 641 271 688 tribuit
299 642 518 707 laudandi,
560 647 725 710 priores
757 660 922 697 tantum
961 638 1188 703 fasciculos
1230 661 1276 706 in
1317 681 1489 728 compa-

119 727 331 771 rationem
361 745 513 774 vocare
554 731 762 793 potuisse,
803 745 844 780 et
874 731 1039 784 Handii
1080 757 1247 806 quoque
1279 746 1357 792 viri
1389 749 1486 795 cla-

119 802 280 855 rissimi
319 811 372 856 de
412 812 631 875 particulis
673 814 819 862 latinis
871 819 1260 884 locupletissimos
1271 847 1485 879 commen-

119 892 251 937 tarios
295 895 487 958 nondum
529 897 586 942 ad
630 897 758 944 finem
798 903 1027 964 perductos
1068 907 1199 955 fuisse
1229 931 1336 958 cum
1378 915 1484 963 haec

119 975 414 1024 scriberentur.
474 979 591 1025 Inter
621 996 974 1033 commentatores
1015 1006 1066 1036 ac
1105 998 1405 1054 grammaticos
1445 1013 1485 1047 et

117 1037 281 1108 reteres
314 1072 358 1106 et
387 1065 655 1122 recentiores,
689 1083 795 1129 quos
825 1070 981 1116 multos
1014 1084 1067 1130 et,
1110 1077 1184 1122 ubi
1223 1079 1341 1141 digni
1379 1084 1483 1130 mihi

116 1141 370 1189 videbantur
402 1147 555 1205 studio,
599 1151 833 1197 accuratius
875 1154 1056 1218 inspexi,
1094 1177 1148 1205 ne
1183 1161 1347 1210 levibus
1391 1169 1481 1229 qui,

117 1224 216 1270 dem
246 1243 424 1289 prorsus
455 1231 671 1292 neglectis,
703 1251 862 1297 paucos
894 1241 1069 1290 omnino
1101 1254 1142 1288 et
1172 1262 1268 1291 raro
1290 1248 1478 1309 laudavi,

115 1318 211 1353 cum
241 1327 291 1354 ex
321 1310 429 1374 ipsis
470 1314 733 1377 antiquitatis
764 1319 952 1366 fontibus
984 1322 1154 1372 haurire
1187 1332 1319 1376 satius
1354 1336 1478 1382 duce-

113 1407 218 1448 rem,
257 1410 386 1455 quam
415 1413 534 1442 more
573 1401 731 1446 nostris
766 1404 1038 1466 potissimum
1075 1414 1338 1474 temporibus
1379 1437 1478 1465 con-

115 1469 235 1522 sueto
277 1477 323 1522 in
360 1478 413 1522 iis
456 1478 583 1525 etiam
624 1484 764 1542 rebus,
807 1504 915 1549 quae
952 1489 1065 1536 haud
1099 1494 1160 1539 ita
1201 1497 1325 1546 valde
1363 1520 1477 1549 rece-

116 1557 222 1603 dunt
253 1575 279 1604 a
309 1560 475 1623 vulgari
506 1564 672 1612 dicendi
709 1586 880 1630 genere,
920 1573 964 1618 in
1001 1578 1186 1624 taedium
1225 1599 1359 1645 usque
1404 1587 1476 1632 de-

113 1652 285 1688 cantare
315 1658 546 1708 praecepta
575 1648 794 1708 librorum,
834 1655 907 1717 qui
945 1659 1120 1706 minime
1154 1665 1324 1725 quidem
1356 1685 1476 1749 sper-

106 1721 299 1780 nendi,
285 1744 417 1771 lmmO
449 1728 574 1776 laude
605 1734 791 1779 maxima
824 1738 954 1799 digni,
985 1744 1123 1804 magis
1156 1757 1298 1794 tamen
1329 1742 1475 1798 tironi-

111 1806 192 1852 bus
237 1826 364 1872 quam
407 1811 548 1858 'laciti
586 1815 885 1879 interpretibus
926 1825 1070 1887 scripti
1110 1841 1221 1876 sunt.
1283 1836 1475 1882 Maximo

111 1890 237 1948 mihi,
289 1903 335 1938 ut
375 1906 535 1941 ceteros
577 1894 763 1958 taceam,
805 1904 949 1950 multis
992 1909 1038 1954 in
1078 1911 1184 1957 locis
1228 1916 1476 1990 adjumento

110 1972 242 2020 fuisse
273 1975 475 2024 Walchii
517 1981 562 2027 in
592 1983 819 2044 Agricolae
851 1989 983 2035 vitam
1025 1993 1318 2045 doctissimum
1358 2020 1473 2059 com-

110 2050 362 2104 mentarium
393 2074 512 2123 grato
545 2065 688 2111 animo
729 2072 947 2131 profiteor,
987 2077 1159 2124 minime
1202 2092 1357 2141 tamen,
1401 2088 1475 2133 ubi

111 2142 255 2187 critica
296 2132 402 2190 mihi
442 2150 674 2195 exercenda
716 2165 806 2199 erat
852 2173 943 2214 ars,
992 2177 1187 2209 morosae
1235 2148 1471 2228 cujusdam,

111 2241 196 2286 qua
226 2225 405 2272 aliorum
436 2229 684 2295 plerumque
714 2236 943 2284 insectatur
980 2247 1224 2305 sententias,
1267 2253 1471 2298 acerbita-

109 2307 164 2352 tis
197 2310 397 2367 aemulus,
438 2313 534 2378 licet
575 2316 712 2363 minus
744 2337 837 2366 eam
869 2324 970 2369 vitio
1002 2332 1200 2375 verterim
1231 2335 1323 2378 viro
1363 2336 1473 2382 inter

108 2407 268 2453 paucos
307 2405 455 2440 nostro
499 2415 603 2443 aevo
650 2403 913 2465 antiquitatis
964 2410 1145 2458 cultores
1192 2418 1469 2477 nominando,

76 2475 242 2537 ,probe
273 2495 449 2535 memor,
481 2482 702 2531 verissima
733 2504 841 2545 esse,
881 2508 989 2552 quae
1025 2495 1115 2540 Cic.
1155 2510 1213 2543 alt
1232 2503 1271 2553 *)
1323 2504 1468 2562 „an

108 2558 297 2618 quisque
329 2569 401 2604 est
430 2565 668 2612 sollertior
699 2577 745 2614 et
774 2571 1060 2633 ztzoflencoszor,
1093 2580 1181 2626 hoc
1211 2584 1348 2629 docet
1379 2587 1469 2632 ἱνα-

204 2737 241 2784 *)
269 2740 315 2786 Q.
339 2743 447 2778 Rosc.
464 2749 520 2781 11.
