1702 2982
303 221 392 266 350
634 216 937 282 Peramoenus'
955 245 1012 252 —
1041 205 1282 281 Percellere
1296 239 1319 261 ι

300 333 444 380 privati
467 342 572 368 reum
595 339 827 379 peregerunt.
875 331 949 368 Sed
972 332 1048 369 hoc
1070 339 1234 382 utroque
1265 335 1352 370 loeo
1382 345 1454 384 pro
1477 333 1647 387 simplici

301 403 415 439 agere
447 402 550 426 reum
591 401 622 426 s.
642 389 782 437 faeere
814 390 957 427 dictum
990 396 1049 427 est
1073 403 1178 428 reum
1202 403 1398 441 peragere,
1433 399 1471 430 et
1500 393 1647 431 similes
1699 403 1702 405 ’

302 449 438 486 Ovidii
470 456 508 486 et
541 450 668 486 Valer.
694 448 857 484 Maximi
893 451 993 485 locos
1025 452 1182 486 contulit
1222 451 1417 490 Ernestius
1452 451 1502 488 ad
1538 453 1644 489 Anu.
1694 477 1698 484 .

300 506 337 552 4,
354 513 422 552 2¹3
448 519 572 556 neque
597 507 710 543 etiam
746 507 901 543 Tacitus
933 506 982 542 ab
1013 507 1086 543 hac
1119 521 1158 548 v
1174 509 1450 558 significatione
1481 512 1647 547 multum
1692 536 1695 537 γ

298 535 450 609 recedit,
479 577 567 601 cum
593 576 643 599 ex
667 566 749 601 solo
775 564 957 601 orationis
980 577 1097 610 nexu,
1122 577 1202 603 non
1225 579 1274 604 ex
1299 568 1382 616 ipsa
1405 581 1458 614 re,
1485 568 1644 619 aliquod

301 623 496 660 exoriatur
523 622 739 658 discrimen.
796 622 898 659 Vide
933 623 1101 661 Brisson.
1128 624 1175 660 de
1207 619 1424 672 verborum,
1461 637 1559 677 quae
1595 626 1645 662 ad
1699 662 1702 679 ἶ

297 681 357 729 jus
385 682 535 729 pertin.,
561 681 700 730 signif„
727 681 770 716 in
793 692 888 718 voce
913 686 1095 730 Per-agere
1125 688 1164 719 et
1196 683 1316 720 Cort.
1326 684 1397 723 ad
1406 687 1539 722 locum
1564 683 1644 720 Pli-

296 739 458 774 nianum
483 751 596 787 supra
621 739 831 777 laudatum.

1695 579 1702 608 1,

1697 629 1702 648 ι

391 798 716 833 PERAMOENUS
750 795 1051 845 απαξλεγόμενον,
1085 799 1215 848 qualia
1252 801 1377 837 multa
1407 805 1498 837 sunt
1526 798 1643 848 hujus
1694 825 1702 855 .⁴

298 855 445 905 generis
474 855 588 891 etiam
613 867 673 902 ap.
700 854 792 891 alios
817 855 1017 904 scriptores
1040 857 1145 894 Ann.
1158 856 1194 904 4,
1209 859 1256 898 67
1287 850 1414 895 aestas
1437 877 1486 886 —
1508 863 1641 906 apeme

298 917 436 950 circum
470 915 604 961 pelago
635 925 878 960 per-amoena.
945 915 999 953 Cf.
1040 927 1330 963 perseveras
1361 919 1460 968 quae
1491 922 1528 962 et
1557 916 1643 966 ipsa

296 985 377 1012 vox
403 985 463 1020 ap.
490 975 614 1009 solum
635 972 771 1020 legitur
795 973 984 1010 Tacitum.

390 1032 637 1068 PERCARUS
673 1031 849 1078 (sustin.)
884 1033 988 1069 Ann.
1007 1033 1040 1077 6,
1062 1037 1087 1074 9
1126 1037 1252 1069 Druso
1274 1033 1401 1081 fratri
1434 1030 1652 1082 percarum·
1700 1019 1702 1045 Ξ

299 1095 356 1135 13,
382 1094 426 1131 19
458 1091 700 1138 Agrippinae
731 1090 805 1126 diu·
826 1101 990 1137 percara
998 1108 1012 1135 ,·
1042 1096 1077 1136 2,
1099 1090 1146 1131 74
1176 1094 1209 1128 is
1240 1093 1433 1139 infamem
1447 1091 1640 1136 veneficiis
1695 1094 1702 1123 ἑ

295 1161 341 1184 ea
366 1150 407 1184 in
437 1150 636 1195 provincia
671 1155 704 1183 et
741 1150 950 1185 Plancinae
982 1161 1198 1195 percaram,
1233 1154 1382 1187 nomine
1412 1154 1638 1198 Martinam,

294 1209 335 1243 in
360 1206 489 1242 urbem
515 1209 627 1242 misit.
673 1207 763 1243 Alia
798 1207 908 1256 sign.,
936 1207 984 1244 de
1009 1220 1054 1245 eo
1080 1209 1148 1258 qui
1177 1220 1318 1259 magno
1346 1209 1468 1259 pretio
1499 1210 1640 1249 vendi-

293 1271 367 1312 tur,
392 1265 529 1313 legitur
554 1277 615 1312 ap.
642 1268 792 1302 Terent.

389 1324 708 1368 PERCELLERE,
747 1324 847 1360 sicut
877 1325 1007 1369 celsus,
1046 1326 1238 1370 excellere,
1277 1328 1518 1373 praecellere,
1543 1338 1640 1375 pro-

295 1383 400 1424 cella,
427 1381 597 1429 orginem
623 1381 739 1418 trahit
762 1381 809 1418 ab
836 1382 992 1432 antiquo
1017 1386 1108 1420 cello
1133 1397 1165 1420 s.
1192 1386 1278 1421 cillo
1303 1385 1421 1433 (unde
1447 1387 1638 1435 oscillare)
1701 1411 1702 1414 =

292 1439 320 1475 i.
336 1451 370 1479 e,
398 1439 570 1487 impe110,
597 1452 760 1485 move03
787 1447 842 1477 est
865 1453 958 1478 vero
983 1442 1037 1478 ita
1060 1443 1267 1490 impellere,
1293 1449 1336 1479 ut
1359 1445 1446 1480 loco
1478 1455 1638 1482 movea-

291 1505 354 1534 tur
397 1498 502 1547 quod
540 1498 750 1547 impulsum
789 1506 844 1536 est
882 1500 1003 1545 (Plin.
1039 1503 1176 1549 Paneg.
1202 1502 1249 1539 66
1286 1505 1638 1553 quoswimprovisus

292 1556 402 1592 turbo
423 1557 676 1604 perculerat);
701 1560 881 1594 translata
911 1559 1007 1608 sign.
1038 1560 1210 1595 animum
1247 1560 1358 1609 quasi
1389 1561 1507 1610 gradu
1539 1561 1638 1610 deji-

292 1627 387 1659 cere,
417 1622 485 1654 ‹111ss
510 1618 572 1655 bet·
598 1616 748 1663 &affulta
780 1616 929 1664 brittam
962 1618 1056 1664 (Cic.
1077 1621 1186 1655 Verr.
1209 1624 1244 1662 3,
1270 1622 1316 1658 57
1340 1616 1430 1655 'vox
1458 1619 1570 1661 “haee
1601 1626 1638 1656 te

231 1670 240 1673 ⁷*
291 1687 368 1710 ηοη
391 1676 564 1721 perculit,
591 1687 668 1709 non
698 1675 958 1721 perturbavit?
958 1679 982 1721 )
991 1691 1005 1718 ,·
1037 1682 1296 1723 percutere
1327 1683 1458 1718 contra
1496 1678 1542 1723 (a
1565 1688 1636 1726 per

289 1739 326 1768 et
351 1735 477 1780 quatio
504 1733 773 1778 derivandum)
800 1733 957 1769 refertur
980 1733 1027 1768 ad
1053 1746 1097 1770 ea
1122 1745 1220 1783 quae
1250 1734 1518 1771 concutiuntur
1542 1736 1634 1785 qui-
1680 1759 1681 1762 =

291 1792 391 1835 dem,
418 1791 483 1827 sed
508 1793 593 1826 loco
619 1803 699 1826 non
723 1799 926 1827 moventur
960 1791 1080 1839 (Virg.
1111 1794 1189 1829 Ecl.
1203 1798 1237 1836 5,
1251 1798 1294 1831 83
1320 1792 1431 1829 litora
1453 1804 1636 1840 percussa
1690 1839 1692 1842 v

281 1850 451 1895 fluctu),-
476 1851 606 1885 transl.
628 1848 898 1897 significatione
923 1850 1105 1897 exprimit
1140 1863 1219 1886 non
1251 1846 1538 1899 perturbatum,
1565 1853 1633 1890 sed

291 1908 457 1956 graviter
481 1903 601 1943 ictum
626 1913 662 1942 et
685 1907 857 1943 saucium
889 1909 1062 1944 animum
1098 1909 1194 1953 (Cic.
1227 1910 1346 1946 Acad.
1371 1915 1404 1954 1,
1426 1916 1448 1948 3
1479 1910 1632 1948 vulnere

279 1966 469 2012 fortunae
504 1967 735 2013 gravissimo
781 1969 966 2012 percuti).
1035 1967 1108 2002 Sed
1149 1979 1428 2017 nonnunquam
1463 1981 1513 2005 ex
1550 1971 1631 2007 sola
1684 1982 1689 1993 ·-

287 2023 481 2076 scriptoris
509 2023 736 2071 cogitatione
761 2025 900 2070 pendet
923 2024 1038 2071 hujus
1062 2025 1162 2060 inter
1181 2032 1383 2075 utrumque
1396 2025 1631 2065 vocabulum

287 2074 517 2117 discriminis
543 2079 773 2126 dijudicatio,
801 2094 916 2129 quare
941 2083 1043 2118 haud
1075 2095 1160 2118 raro
1192 2083 1234 2118 in
1266 2083 1376 2123 libris
1410 2085 1560 2133 scriptis
1591 2094 1630 2123 et

255 2138 258 2141 '
286 2139 398 2175 editis
423 2138 709 2174 confunduntur
731 2142 925 2185 perculsus
950 2147 987 2176 et
1004 2152 1217 2187 pen-,cussus
1265 2142 1417 2194 Tacitus
1430 2155 1630 2192 nunquam

287 2209 380 2233 usus
402 2208 485 2237 esse
508 2196 659 2233 videtur
687 2197 923 2244 percutiendi
949 2198 1078 2242 verbo,
1105 2200 1176 2234 hac
1201 2200 1358 2249 quidem
1390 2201 1486 2250 sign.
1518 2202 1627 2248 (pro-
1682 2191 1694 2234 s

285 2255 370 2303 pria
393 2255 531 2302 legitur
560 2267 592 2290 e.
608 2266 643 2302 g.
668 2257 769 2290 Ann.
782 2253 817 2299 4,
836 2254 884 2292 24
906 2258 1096 2303 principes
1115 2260 1408 2294 Musulanorum
1433 2281 1481 2287 —-
1504 2263 1627 2296 securi

283 2315 480 2361 percutit),
506 2325 597 2348 nam
627 2314 729 2349 Ann.
752 2315 785 2357 6,
805 2312 853 2351 44
884 2313 952 2349 ubi
988 2327 1187 2361 percussus
1221 2316 1425 2352 exhibetur
1460 2325 1483 2352 a
1511 2318 1626 2367 ,libris
1670 2318 1695 2326 ²

285 2371 446 2418 scriptis,
471 2372 612 2406 rectius
637 2383 725 2406 cum
748 2374 776 2406 Ι.
801 2372 974 2409 Bekkero
1000 2379 1036 2408 et
1061 2373 1146 2409 aliis
1178 2374 1317 2421 legitur
1351 2375 1540 2411 Tiridates
1569 2380 1626 2413 si-
1676 2392 1702 2420 ‘t‘

285 2431 368 2465 mul
387 2429 508 2475 jama
539 2436 650 2476 atque
681 2432 759 2476 ipso
794 2431 992 2466 Artabano
1022 2433 1218 2477 perculsus
1252 2433 1411 2468 distrahi
1445 2436 1623 2480 coris-iliis,
1688 2449 1695 2461 ¹

252 2480 254 2484 ’
285 2490 354 2523 iret
379 2494 510 2523 contra
535 2500 588 2522 an
613 2487 749 2523 bellum
777 2491 1010 2525 cunctatione
1033 2497 1240 2534 tractaret,-
1263 2503 1354 2527 nam
1385 2491 1624 2537 perturbatus
1687 2495 1690 2500 ’

283 2551 362 2581 erat
374 2545 573 2588 Tiridates,
602 2546 755 2581 consilii
780 2546 991 2596 ambiguus,
1017 2559 1159 2595 pavore
1182 2549 1365 2597 trepidus,
1385 2541 1464 2588 non
1482 2541 1621 2595 affectu
1685 2572 1690 2581 ·

283 2604 450 2655 quod-am
484 2603 663 2639 diuturno
704 2605 890 2650 percitus;
927 2607 1030 2642 Anu.
1060 2613 1092 2651 1,
1110 2612 1154 2644 12
1191 2610 1384 2654 perculsus
1416 2612 1623 2658 improvisa

282 2664 570 2710 interrogatione
601 2663 775 2708 paullum
812 2667 956 2700 reticuit
999 2665 1233 2713 (Tiberius);
1271 2666 1361 2702 dein
1403 2669 1619 2704 collecto

282 2720 440 2757 animo
467 2720 658 2768 respondit
682 2727 748 2756 cet.
777 2723 842 2767 (cf.
859 2724 961 2760 Suet.
978 2722 1064 2759 Tib.
1083 2730 1125 2762 11
1149 2726 1346 2772 perculsus
1361 2727 1476 2781 igitur
1492 2727 1618 2773 inopi-
