1702 2982
1403 59 1413 77 V

377 188 585 239 Confusio
645 180 890 253 Congestus
952 193 1229 257 Congiarium
1387 199 1471 245 105

444 284 450 288 .
695 274 705 289 ἱ
729 289 738 297 χ
1256 298 1258 300 .

122 307 367 353 conflictatus
397 307 446 342 sit
480 294 548 342 cet.
557 320 576 352 ,·‘
595 309 630 351 2,
645 310 702 346 20r
718 305 906 353 gravibus
929 319 1088 355 superne
1109 310 1246 348 ictibus
1269 313 1474 360 conflicta-

119 364 281 407 bantur-,-
315 365 349 409 6,
367 369 388 402 8
412 355 514 400 metu
537 376 587 400 ac
610 359 787 402 soi-dibus
814 366 1163 415 conflictabantur;
1197 375 1260 414 13,
1275 375 1322 410 33
1345 372 1474 421 pervi-

103 426 203 460 ‘caci
220 424 459 460 accusatione
475 422 718 468 conflictatus
732 431 912 476 postremo
929 419 1182 472 dffensionem
1196 430 1320 465 omisit
1330 443 1344 472 ,·
1357 434 1414 476 15,
1427 437 1474 470 50

116 483 295 531 periculis
315 477 632 528 *conflictabatum
658 482 758 519 Hist.
770 488 805 530 3,
822 484 868 522 16
883 492 1019 520 suomet
1031 487 1103 536 ipsi
1120 493 1221 522 metu
1238 493 1272 522 et
1288 492 1475 537 angustiis

115 543 266 594 viarpcm
283 540 623 587 conflictabantur;
638 546 754 589 cp.59
761 541 887 588 foeda
902 543 1021 579 hieme
1036 556 1105 592 per
1122 547 1326 582 transitum
1340 552 1473 596 Apen-

29 617 36 641 .
115 602 199 637 nini
215 601 456 646 conflictatus
483 601 671 635 exercitus
679 616 691 645 ‚-
718 612 779 648 cp.
796 605 840 639 82
864 603 890 641 ii
907 608 1051 638 tantum
1076 606 1287 652 conflictati
1306 606 1474 656 (vexati)

40 656 44 658 ’
86 662 90 664 “
114 666 214 703 sunt,
241 660 364 710 qui-3-
371 670 441 706 per
458 665 624 705 angusta
644 667 678 695 et
698 659 847 696 lubrica
871 661 1023 697 viarum
1039 663 1261 709 flexerant5
1284 665 1413 715 Agric.
1425 671 1472 710 22

114 710 377 764 conflictatum
406 719 531 754 saevis
555 718 834 765 tempestatibus
858 721 1080 756 exercitum.

197 770 447 813 'CONFUSIO
474 788 536 823 ap.
566 776 710 824 priores
733 777 759 823 i,
786 790 825 826 q.
851 777 1160 825 coniunctio,
1186 781 1473 831 permixtim

113 839 196 878 tum
221 845 361 878 rerum,
386 840 616 882 temporum,
647 836 764 878 vitae,
794 836 1027 883 religionum
1052 839 1383 888 perturbati03
1417 843 1476 881 de

114 892 262 929 animi
295 893 677 940 perturbatione
708 900 896 941 usurpant
931 894 1091 942 Vellej.,
1125 897 1222 934 Plin.
1253 899 1363 945 min.,
1397 904 1476 938 Ta-

113 951 212 989 citus
235 951 332 989 Hist.
345 956 380 997 3,
395 956 440 990 38
467 964 623 989 causam
646 951 880 999 confusionis
901 953 1251 1003 (consternationis,
1279 959 1474 997 sollicitu-

88 1012 97 1030 s
113 998 240 1055 dinis).
259 1013 465 1059 quaerenti,
501 1025 578 1048 non
602 1025 642 1047 se
674 1014 828 1060 proprio
860 1020 962 1049 metu
993 1027 1062 1049 nec
1097 1016 1157 1050 sui
1189 1018 1374 1066 anaeium,
1408 1022 1477 1058 sed

113 1080 183 1115 pro
196 1067 331 1115 fratre
350 1088 397 1096 -
410 1070 541 1117 preces
566 1072 815 1118 lacrimasque
840 1072 1036 1108 adtulisse.
1073 1074 1136 1109 De
1161 1074 1344 1113 rubore
1370 1083 1477 1116 vul-

112 1122 185 1163 tui
208 1126 403 1164 suffuso
429 1117 527 1165 inst.
546 1127 582 1174 4,
600 1127 648 1167 40
673 1129 809 1166 crebra
835 1131 1078 1178 (Domitiani)
1107 1135 1181 1168 oris
1206 1133 1378 1181 confusio
1399 1152 1474 1186 pro

112 1185 298 1222 modestia
337 1187 625 1235 accipiebatur..
660 1187 716 1226 cf.
752 1189 799 1225 de
832 1190 969 1226 eodem
1001 1191 1133 1239 Agric,
1156 1190 1204 1231 45
1243 1206 1379 1232 saevus
1413 1200 1478 1235 ille

111 1245 300 1286 vultuset
323 1245 449 1291 rubor,
477 1258 549 1295 quo
573 1260 612 1284 se
636 1254 769 1284 contra
788 1249 977 1296 pudorem
1003 1251 1222 1298 muniebat;
1258 1255 1357 1292 Plin.
1382 1259 1474 1296 Pan.

111 1300 158 1342 48
173 1303 364 1350 femineus
383 1306 512 1352 pallor
543 1308 584 1343 in
617 1319 782 1355 corpore,
814 1310 856 1344 in
891 1321 952 1345 ore
982 1311 1223 1358 impudentia
1255 1317 1375 1351 multo
1406 1331 1478 1353 ru-

112 1361 201 1398 bore
224 1361 396 1408 suffusa3
429 1365 530 1401 Suet.
554 1366 700 1402 Domit.
721 1372 763 1405 18
785 1368 908 1404 'vultu
929 1367 1017 1415 fuit
1050 1369 1219 1407 modesto
1252 1373 1476 1423 ruborisque

111 1422 222 1469 pleno
230 1437 243 1467 ,·
265 1423 413 1458 Petron.
425 1424 511 1460 fiat.
530 1435 565 1461 e.
581 1430 647 1465 101
674 1427 955 1464 simulationem
979 1429 1151 1477 lacrimis
1176 1436 1210 1465 et
1233 1433 1361 1469 vultus
1385 1440 1479 1472 con-

102 1479 262 1526 fusione
284 1480 525 1519 obumbrare.

206 1541 490 1577 CONGESTUS
517 1544 554 1589 1)
579 1558 628 1587 =
652 1544 983 1594 congregatio,
1009 1552 1054 1582 ut
1078 1558 1140 1595 ap.
1167 1547 1247 1586 Cic.
1273 1563 1322 1581 =
1348 1561 1474 1588 com-

111 1598 328 1649 portatio
355 1602 514 1644 „avium
541 1602 730 1648 congestu,
755 1617 833 1640 non
858 1605 1029 1640 humano
1053 1613 1142 1643 satu
1166 1609 1308 1644 exstitit
1331 1610 1479 1647 herba“

61 1675 63 1678 .
113 1655 211 1699 Hist.
224 1661 259 1700 2,
276 1660 320 1698 87
348 1670 416 1692 nec
441 1659 607 1695 coloniae
637 1661 751 1696 modo
778 1680 824 1688 —
848 1670 1026 1710 congestu
1059 1667 1268 1712 copiarum,
1303 1669 1372 1704 sed
1401 1671 1477 1718 ipsi
1509 1700 1516 1707 χ

113 1716 271 1751 cultores
310 1728 479 1764 arvaque
509 1739 558 1746 -—-
588 1719 855 1756 vastabantur.
904 1724 945 1767 2)
987 1723 1245 1772 congqries
1286 1726 1477 1776 (Lumen,

115 1772 287 1820 Colum.)
319 1773 419 1811 Hist.
442 1782 475 1820 1,
499 1774 544 1814 84
576 1790 641 1813 vos
674 1779 970 1825 pulcherrimam
1003 1781 1106 1817 hanc
1138 1781 1270 1820 urbem
1308 1785 1480 1825 domibus

113 1838 148 1866 et
171 1834 275 1867 tectis
300 1839 334 1868 et
358 1842 535 1882 congestu
562 1836 738 1883 lapidum
764 1844 866 1873 stare
891 1838 1075 1876 creditis?

210 1891 519 1928 CONGIARIUM
539 1895 691 1941 proprie
707 1895 793 1932 vini
811 1897 936 1933 oleive
962 1898 1093 1945 congii
1112 1898 1218 1947 plebi
1242 1901 1385 1948 donati,
1412 1908 1478 1944 sed

115 1947 162 1983 de
180 1948 264 1985 aliis
280 1949 395 1985 etiam
410 1951 688 1998 largitionibus,
715 1954 883 1991 maxime
899 1956 1095 2003 pecuniae,
1123 1969 1213 2006 opp.
1240 1960 1264 1995 d
1277 1972 1365 1997 ona
1376 1963 1477 2002 tivo

112 2007 299 2045 militibus
325 2008 428 2053 dato,
455 2021 690 2059 quamquam
712 2013 787 2049 hoc
811 2026 966 2064 quoque
996 2014 1190 2052 interdum
1217 2020 1478 2068 congiario

67 2110 68 2113 Ἰ
113 2065 343 2115 designatur,
369 2072 414 2102 ut
439 2067 517 2104 cic.
545 2070 623 2105 Att.
639 2070 694 2116 16,
710 2073 912 2108 8.-Ann.
928 2078 985 2117 12,
997 2071 1042 2111 41
1070 2074 1248 2112 additum
1263 2084 1480 2129 ——congia-

113 2116 353 2172 rtum‘plebz·‚·
373 2131 484 2170 13,31
506 2128 628 2174 plebei
644 2131 879 2177 congiarium
898 2132 1153 2181 quadringeni
1172 2140 1322 2173 nummi
1335 2142 1477 2178 viritim

113 2185 217 2225 dati;
236 2183 292 2229 14,
306 2190 348 2223 11
367 2184 468 2232 quod
477 2185 682 2231 —infensa
699 2189 809 2224 militi
815 2190 1064 2239 patribusque
1080 2199 1114 2227 et
1128 2194 1229 2241 plebi
1239 2196 1480 2237 dissuasisset

113 2240 338 2281 donativum
355 2250 388 2279 et
403 2245 652 2292 congiarium.
671 2266 719 2273 —
735 2247 842 2283 Idem
857 2255 913 2285 est
929 2261 968 2298 q.
993 2250 1284 2290 distributio
1308 2265 1329 2292 c
1341 2269 1432 2306 ong
1443 2260 1478 2295 i-

113 2303 209 2339 arii
231 2302 333 2339 Dial.
347 2306 391 2343 17
416 2306 597 2349 proximo
623 2306 826 2352 congiario.
876 2307 1034 2344 ef.Liv.
1050 2313 1110 2355 37,
1125 2316 1171 2353 57
1195 2314 1237 2349 in
1261 2315 1363 2351 hunc
1387 2330 1477 2353 ma..

114 2363 233 2406 :xz-ime,
261 2361 363 2408 quod
385 2362 511 2397 multa
536 2365 734 2411 congiaria
756 2364 957 2410 habuerat,
994 2367 1131 2415 quibus
1161 2383 1347 2421 magnam
1379 2389 1477 2424 par-

98 2410 189 2454 'tem
212 2420 407 2456 hominum
434 2420 679 2469 obligaverat,
694 2421 821 2469 favor
843 2426 975 2472 populi
998 2438 1038 2462 se
1059 2430 1287 2477 inclinabat,
1314 2432 1383 2469 ubi
1395 2435 1480 2471 vid.

115 2476 307 2512 Drakenb.
332 2498 381 2505 -
416 2479 703 2529 Nonnunquam
726 2493 839 2519 sensu
863 2483 992 2520 latiori
1023 2495 1230 2535 usurpatur
1253 2490 1348 2537 haec
1373 2504 1474 2529 vox:

119 2533 197 2571 Cio.
220 2536 324 2570 Fam.
339 2541 372 2580 8,
389 2542 407 2574 1
436 2538 575 2583 (Coel.)
605 2541 772 2578 Plancus
797 2543 944 2590 quidem
970 2550 1056 2580 tuus
1088 2549 1298 2583 Ravennae
1329 2558 1403 2586 est.-
1440 2559 1475 2588 et

117 2604 264 2641 magno
290 2597 481 2642 congiario
507 2597 672 2634 donatus
697 2611 722 2634 a
749 2604 920 2646 Caesare,
948 2614 1016 2636 nec
1041 2602 1174 2640 beatus
1198 2619 1266 2642 nec
1296 2607 1389 2644 bene
1412 2612 1475 2646 in·-

117 2658 282 2687 structus
314 2659 379 2689 est.
428 2654 484 2692 Cf.
509 2657 613 2692 Suet.
643 2659 824 2701 Caes-27;
859 2660 989 2707 Quint.
1004 2662 1038 2705 6,
1052 2668 1087 2707 3,
1102 2667 1148 2701 52
1179 2667 1219 2699 in.
1253 2669 1476 2716 metalepsin

121 2722 266 2759 quoque
291 2710 394 2748 cadit
416 2712 550 2751 eadem
574 2717 672 2752 ratio
699 2718 906 2754 dictorum.-
938 2727 980 2755 ut
1003 2721 1145 2758 Fabius
1170 2727 1386 2771 Maximus,
1413 2730 1474 2764 in-
