1702 2982
515 195 740 246 ventitare
770 225 826 234 —
860 200 1130 251 Vernaculus
1417 214 1500 261 485

140 306 262 352 38,·42
286 310 403 357 Εεέἰῖιι1
417 322 536 358 prope
553 313 658 348 ‘anni
682 314 740 349 M.
771 315 942 351 Valerius
967 321 1103 356 consul
1133 333 1179 357 ea
1211 324 1412 372 Liguribus
1443 328 1498 365 ad

140 369 389 414 magistratus
430 369 698 418 subrogandos
726 372 899 410 Romam
935 378 1048 413 venit.
1109 379 1183 415 Sed
1219 381 1296 418 hoc
1334 384 1495 433 quidem

103 444 107 447 ’
135 426 222 462 loco
245 425 348 461 haud
377 438 476 475 opus
500 434 557 464 est
579 428 648 465 illa
672 429 998 478 interpretatione.
1048 436 1170 485 Saepe
1205 447 1334 478 contra
1368 444 1493 481 redire

135 491 341 531 usurpatur
364 497 435 534 pro
459 490 605 525 venire.-
637 488 731 525 sall.
755 489 878 539 Jug.4
911 505 1016 530 nunc
1049 495 1106 531 ad
1138 498 1329 544 inceptum
1361 503 1470 540 redeo
1476 522 1491 548 ,-

133 541 241 579 Caes.
266 544 311 579 Β.
339 545 379 582 C.
393 550 487 590 3,93
511 548 602 594 pilis
626 548 755 584 missis
778 549 833 585 ad
855 551 1008 597 gladios
1031 553 1244 601 redierunt3
1274 552 1489 606 Liv.25,24

130 612 270 637 arsura
297 605 422 639 omnia
456 611 491 640 et
522 606 578 642 ad
609 608 752 642 cineres
783 608 967 646 reditura.
1017 613 1224 654 Notissima
1255 622 1312 652 est
1342 619 1509 656 locutio

129 661 191 694 r'es
214 661 270 696 ad
291 662 547 708 interregnum
572 664 680 712 redit,
706 678 739 702 e.
756 679 795 715 g.
821 666 905 705 Liv.
923 671 956 713 7,
973 672 1030 710 17.
1057 671 1114 709 cf.
1140 672 1439 713 instaurare.

160 729 165 734 ’
226 719 514 758 VENTITARE
540 722 652 770 (Cim,
686 726 844 772 Catull.)
880 727 985 765 Anu.
1003 734 1059 776 12,
1074 736 1096 771 3
1122 731 1178 768 ad
1200 745 1287 770 eum
1305 747 1377 782 per
1399 748 1485 784 spe-

127 775 224 827 ciem
247 780 533 817 necessitudinis
558 781 687 819 crebro
711 786 936 822 ventitando
960 789 1104 835 pellicit
1124 798 1334 838 patruum,·
1364 794 1483 841 16s14

125 837 310 872 ventitare
332 838 388 874 ad
412 852 496 876 eum
525 843 676 877 numios
700 850 735 878 et
759 846 1156 889 consultationesmon
1168 848 1329 896 frustra
1353 861 1460 890 ratus
1467 870 1481 899 ,-

124 894 314 944 Agric.43
337 901 565 941 ventitavere
588 899 644 936 ad
669 900 839 939 domum.

145 947 149 955 '¹
217 956 398 993 VENUM
421 969 461 996 v.
487 958 530 994 in
555 958 829 997 defectivis.

217 1015 426 1052 VERBUM
450 1016 550 1051 nulli
576 1017 751 1053 omnium
776 1020 929 1066 saepius
962 1034 1080 1071 quam
1114 1025 1251 1062 Tacito
1284 1026 1481 1071 brevitatis

96 1071 400 1111 ‚studiosissimo
450 1074 676 1111 absolute
720 1082 758 1111 et
800 1076 1210 1126 impersonaliter
1260 1094 1479 1134 usurpatur.

121 1130 167 1166 Et
191 1143 251 1179 ap.
277 1144 365 1168 eum
390 1133 547 1182 quidem
566 1136 691 1170 solum
704 1133 757 1169 ita
771 1134 1042 1175 inveniuntur:
1069 1140 1235 1189 adigere,
1260 1144 1475 1193 adnectere,

120 1189 317 1226 advertere
341 1182 528 1239 (pulum),
559 1194 857 1238 communicare,
884 1199 1010 1245 eximi,
1039 1199 1177 1236 ducere
1202 1202 1381 1250 (sortiri),
1408 1214 1476 1240 ex-

118 1247 248 1296 pedire
280 1249 434 1297 (exped.
469 1250 693 1299 suscipere),
725 1253 960 1300 inumbrare,
996 1262 1132 1294 mereri
1164 1260 1272 1309 (stip.
1306 1264 1475 1312 mereri),

117 1318 271 1342 manere
295 1308 355 1352 (in
377 1307 451 1344 fide
476 1311 555 1353 m.),
572 1323 574 1325 ·
584 1313 757 1356 provenit
788 1313 845 1356 (εὔ
870 1313 1041 1364 gelingt»
1066 1321 1197 1356 sistere
1222 1321 1473 1370 (consistere),

116 1366 278 1400 tolerare
308 1367 516 1414 (vivere),
559 1369 661 1415 apud
696 1373 873 1419 aequales
916 1374 1029 1409 etiam
1062 1378 1260 1424 leguntur:
1295 1379 1473 1426 adjicere,

116 1423 211 1460 dare
241 1421 487 1469 (sententiam
519 1426 655 1474 ἀει-θ),
670 1431 757 1464 eniti
783 1430 954 1477 (partum
981 1434 1079 1479 θη),
1105 1436 1293 1483 fxcedere
1325 1438 1475 1486 (egredi

113 1482 368 1529 relationem),
397 1484 629 1532 obstringere
653 1486 886 1536 (affirmare),
912 1498 1122 1539 temperare
1134 1494 1226 1537 (sibi
1238 1498 1296 1542 t.)‚
1322 1498 1474 1535 studere

116 1541 270 1586 (litteris
296 1555 452 1591 operam
482 1544 609 1590 dare),
645 1552 824 1583 tractare.
849 1549 1125 1598 —'p0etarum
1155 1566 1312 1604 quoque
1335 1568 1474 1608 aureae

115 1607 188 1635 aet.
221 1600 264 1636 in
292 1613 366 1638 usu
399 1610 508 1638 sunt:
544 1607 740 1650 comitari,
772 1610 1052 1656 propinquare5
1089 1623 1149 1658 ap.
1183 1613 1355 1659 ejusdem
1389 1627 1470 1652 aur.

64 1663 67 1666 ’
114 1665 187 1695 aet.
213 1659 414 1707 scriptores
438 1662 703 1708 reperiuntur:
734 1667 884 1712 audere,
913 1681 1061 1717 augere,
1098 1671 1274 1717 celerare,
1309 1685 1468 1710 con-ver-

111 1725 197 1764 tere,
223 1730 370 1763 curare,
398 1712 628 1768 delinquet-d
656 1722 856 1770 destinare,
885 1736 1092 1765 commotus
1119 1730 1277 1779 (getcigtfl
1304 1733 1470 1781 bemegt»

105 1777 220 1825 serre,
242 1779 406 1825 flectere,
431 1781 563 1824 inesse,
589 1783 769 1828 insistere,
797 1793 957 1830 mutare,
986 1800 1139 1833 novare,
1167 1790 1368 1837 obstinare,
1377 1804 1468 1838 per-

109 1837 218 1874 vadit
243 1850 384 1887 rumor,
415 1838 583 1885 prodere,
621 1843 786 1886 reticere,
813 1844 994 1892 subigere,
1021 1849 1272 1894 suppeditare,
1301 1850 1468 1894 turbare,

110 1903 261 1941 vertere,
287 1907 386 1944 quae
412 1896 543 1932 omnia
570 1909 608 1933 v.
636 1895 706 1934 suo
739 1901 838 1937 loco.
862 1924 910 1931 —
959 1906 1296 1943 Enumerationem
1327 1907 1468 1945 verbo-

110 1956 196 1989 rum
236 1955 643 2002 compositorum,
681 1957 1005 2008 simplicium,
1053 1965 1464 2015 frequentativo-

110 2024 232 2057 rum,
267 2025 366 2061 quae
391 2012 618 2050 insolentius
650 2019 855 2064 usurpavit
886 2022 1053 2070 Tgcitus,
1088 2024 1179 2061 vide
1211 2025 1255 2060 in
1285 2026 1466 2072 Ptolego-

109 2070 231 2107 menis
256 2069 303 2106 de
327 2071 570 2118 grammatica
594 2073 675 2110 stili
699 2077 843 2113 Tacitei
869 2080 1015 2117 ratione
1040 2084 1087 2126 A,
1117 2083 1150 2121 6.
1165 2086 1199 2124 7.
1215 2089 1248 2122 8.

203 2129 429 2165 VERGERE
452 2143 514 2178 ap.
540 2133 686 2180 priores
712 2137 940 2186 plerumque
964 2139 1012 2177 ad
1041 2142 1216 2177 locorum
1239 2141 1358 2178 situm
1374 2152 1465 2189 per-

108 2187 215 2231 tinet,
255 2198 278 2222 a
309 2187 443 2228 Tacito
478 2190 582 2226 haud
617 2204 703 2228 raro
739 2194 786 2228 ad
825 2202 974 2244 tempus
1010 2199 1192 2235 refertur:
1229 2200 1336 2235 Ann.
1358 2204 1393 2244 2,
1415 2198 1463 2238 43

109 2258 219 2282 suam
254 2253 414 2282 aetatem
447 2260 620 2297 vergere5
652 2249 689 2296 lt,
705 2258 725 2289 8
759 2263 973 2302 vergentem
1008 2265 1167 2293 aetatem
1175 2273 1187 2299 ;
1220 2269 1282 2305 cp.
1296 2256 1340 2295 41
1375 2271 1463 2294 ver-

110 2312 218 2352 gente
235 2305 319 2349 jam
345 2314 494 2342 senecta
503 2324 516 2353 ,-
549 2314 605 2354 12,
619 2308 667 2348 44
690 2314 928 2359 vergentibus
947 2315 1032 2359 jam
1067 2318 1179 2351 annis
1211 2319 1289 2351 suis
1297 2330 1311 2358 ‚·
1343 2323 1400 2362 13,
1417 2321 1462 2359 19

87 2371 319 2410 ‘vergentem
354 2368 486 2411 annis;
518 2378 578 2415 cp.
602 2374 648 2407 38
681 2379 858 2418 vergente
886 2373 969 2416 jam
1003 2374 1083 2418 die,·
1115 2374 1165 2410 cf,
1199 2375 1301 2412 curt.
1315 2374 1350 2420 4,
1366 2379 1399 2421 7,
1415 2381 1462 2414 22

114 2436 182 2471 quo
213 2426 365 2471 propius
396 2438 470 2460 nox
501 2429 622 2475 vergit
655 2429 710 2465 ad
742 2431 877 2467 lucem.
904 2448 951 2461 —
1009 2433 1106 2469 Cum
1135 2434 1239 2468 Anu.
1262 2439 1295 2480 1,
1317 2439 1340 2472 3
1370 2436 1462 2471 illuc

115 2481 172 2528 (in
196 2481 414 2529 Tiberium)
438 2477 582 2521 'cuncta-
600 2499 773 2536 vergere5
798 2490 924 2535 filius,
960 2491 1107 2538 collega
1140 2494 1290 2539 imperii
1313 2512 1360 2520 -—
1386 2492 1460 2529 ad-

115 2542 289 2587 sumitur,
321 2541 370 2578 cf.
405 2542 484 2578 Cic.
516 2544 615 2580 Phil.
633 2552 690 2590 11,
708 2552 750 2583 11
788 2549 828 2583 ni
862 2550 970 2584 Bruti
1003 2552 1186 2586 auxilium
1220 2551 1274 2588 ad
1304 2552 1462 2588 Italiam

117 2611 259 2648 vergere
286 2611 401 2646 quam
425 2601 479 2637 ad
503 2605 641 2640 Asiam
670 2607 947 2643 maluissemus.

169 2690 171 2692 ,
203 2659 527 2696 VERNACULUS
563 2662 602 2708 1)
628 2670 671 2700 ut
694 2666 813 2713 vulgo
847 2665 872 2702 i.
900 2678 938 2714 q.
971 2667 1199 2703 domesticus
1233 2679 1321 2716 opp.
1355 2679 1465 2715 pere-

126 2716 226 2765 grino
250 2716 350 2754 Dial.
364 2722 410 2756 28
442 2730 508 2767 ego
534 2719 581 2757 de
605 2721 696 2758 urbe
724 2729 758 2758 et
782 2724 841 2760 his
861 2727 1029 2772 propriis
1055 2738 1103 2761 ac
1127 2727 1343 2773 vernaculis
1366 2728 1467 2764 vitiis
