1702 2982
252 201 337 245 408
524 209 526 211 ’
658 202 779 276 Reor
807 233 863 280 ¹.-
895 206 1188 271 Repercussus

247 313 467 361 pularibus)
491 315 701 363 interdixit,
734 325 773 356 et
797 318 859 360 de
870 321 1095 359 Germanico
1113 322 1205 375 ipso
1229 321 1358 360 Pisoni
1388 322 1592 362 amicitiam

175 397 182 406 1
246 373 497 410 renunciante
521 375 638 424 calig.
651 383 687 415 3.

339 434 466 469 REOR
489 434 656 471 maxime
681 442 767 484 post
792 439 927 483 Plaut„
961 439 1090 484 Ovid„
1124 439 1278 476 Livium
1309 422 1404 489 freq.
1441 441 1590 489 Tacito,

244 489 401 527 verbum
426 493 622 528 horridum
656 494 759 543 quod
791 495 886 532 dicit
919 497 1092 543 Quintil„
1127 497 1205 534 Cic.
1232 498 1278 534 de
1304 511 1357 534 or.
1371 505 1405 543 3,
1420 505 1466 537 38
1499 511 1594 547 poe-

243 545 366 586 tidum
391 562 471 588 esse
502 551 554 587 ait
583 552 793 601 paucisque
824 554 1048 590 adnumerat
1079 568 1174 603 quae
1207 559 1319 593 etiam
1351 560 1392 593 in
1426 560 1594 594 oratione

244 607 410 645 habeant
443 611 667 659 dignitatem
698 630 745 636 —
778 611 929 657 quibus,
966 614 1045 649 loco
1074 617 1225 659 positis,
1266 615 1452 663 grandior
1482 623 1607 663 atque⁴

244 668 433 715 antiquior
457 672 575 704 oratio
599 681 709 715 saepe
732 669 851 704 videri
884 671 1012 706 soleat.
1061 667 1203 707 Tacito
1220 672 1263 707 in
1286 683 1360 708 usu
1385 680 1473 709 sunt
1497 685 1591 719 reor,

243 724 413 770 rebatur,
448 727 641 772 rebantur,
675 735 793 771 ratus,
828 731 901 763 rati
908 744 922 771 ,-
959 741 1021 777 ap.
1053 729 1150 775 alios
1185 729 1299 764 etiam
1329 731 1422 768 reris
1455 731 1593 777 (rere),

243 786 358 830 retur,
384 798 523 830 remur,
558 788 705 830 remini,
741 793 869 821 rentur
878 801 893 828 ‚-
924 786 1047 832 rebar,
1082 786 1224 831 rebare,
1258 787 1457 833 rebamur‚·
1488 795 1594 825 ratus

245 854 343 886 sum,
370 851 434 887 est,
461 851 541 880 erat
548 862 562 888 ;
593 845 713 890 rebor,
740 843 888 888 rebitur,
915 857 1012 892 rear,
1046 847 1179 893 rearis,
1211 853 1377 893 reantur,
1410 846 1476 882 sed
1509 858 1595 884 raro

243 899 509 951 inveniuntur.
543 903 628 938 'reor
651 905 753 937 Ann.
769 903 803 946 6,
818 907 864 940 25
870 918 882 944 ‚·
918 898 974 947 ill,
991 901 1014 941 4
1022 921 1035 947 ;
1069 908 1125 947 12,
1141 902 1208 948 24;
1240 905 1338 941 Hist.
1352 909 1387 949 2,
1401 908 1446 946 37
1454 911 1536 951 ‚·->5‚
1551 909 1572 947 7
1581 902 1606 949 5s

242 957 396 994 rebatur
426 962 528 996 Ann.
542 958 577 1005 4,
595 967 650 999 18.
668 965 707 1002 71
720 979 733 1005 ,·
766 967 824 1004 13,
838 959 896 998 34.
912 964 981 1005 37,·
1018 960 1075 1008 14,
1091 967 1136 1003 59
1148 979 1161 1006 ;
1196 967 1334 1009 15‚151‚·
1367 962 1465 999 Hist.
1480 970 1512 1006 1,
1528 962 1594 1006 145

243 1022 278 1062 3,
297 1017 364 1060 15,-
396 1017 575 1054 rebantur
606 1017 842 1065 Ann.l1,15,·
878 1013 1016 1065 12,‘31,-
1053 1020 1109 1063 14,
1126 1018 1322 1062 14‚·-Hist.
1336 1027 1371 1067 3,
1385 1027 1452 1066 50;
1482 1019 1593 1073 4,55.

200 1107 213 1116 „
242 1075 287 1112 63
296 1091 310 1118 ,-
334 1082 451 1120 ratim,
488 1079 563 1112 rati
588 1078 807 1125 saepissime
832 1079 1022 1125 leguntur.
1060 1078 1203 1121 'Cicero
1229 1078 1386 1115 exhibet
1422 1076 1595 1116 rear'd'i-

242 1131 322 1167 vin.
339 1138 371 1176 1,
387 1139 449 1178 183
487 1147 614 1171 remur
639 1135 709 1172 Off.
723 1134 814 1181 2,9;’
851 1143 952 1172 retur
975 1137 1057 1172 Att.
1075 1141 1130 1181 12,
1146 1142 1214 1182 323
1240 1144 1368 1173 rentur
1392 1138 1463 1173 Off.
1477 1143 1511 1183 2,
1528 1143 1593 1187 123

240 1191 318 1225 Att·
333 1192 366 1234 7,
382 1196 423 1235 33
466 1194 562 1240 Top.
577 1198 643 1237 2ος
679 1194 791 1229 rebar
823 1194 870 1230 de
905 1207 959 1231 or.
974 1201 1007 1238 3,
1021 1200 1086 1240 223
1118 1195 1195 1231 Att.
1213 1193 1269 1240 14,
1286 1196 1331 1240 6;
1367 1195 1492 1232 divin.
1506 1202 1540 1241 2,
1556 1202 1591 1235 2.

243 1253 309 1292 153
346 1249 477 1286 rebare
504 1252 582 1286 Att.
600 1250 658 1295 14,
674 1258 716 1296 8;
751 1252 903 1287 rebatur
926 1253 1045 1289 Acad.
1060 1259 1092 1296 1,
1109 1257 1128 1292 7
1139 1263 1152 1300 3
1183 1253 1265 1289 Att.
1281 1256 1314 1298 7,
1328 1259 1372 1299 33
1413 1255 1593 1293 rebantur

207 1340 209 1346 ,
241 1308 287 1342 Ν.
311 1307 359 1342 D.
377 1314 411 1352 3,
426 1316 462 1346 ο.
510 1309 593 1346 Vix
619 1312 728 1357 plura
753 1309 926 1347 invenias
961 1313 1149 1358 exempla.
1196 1311 1315 1359 Apud
1348 1311 1502 1349 Livium
1534 1316 1594 1350 le-

240 1371 383 1411 guntur
407 1379 501 1411 reor,
527 1374 668 1411 rentur,
696 1368 861 1413 rebatur,
898 1369 1079 1405 rebantur
1112 1368 1244 1416 (hujus
1269 1370 1437 1417 plurima
1459 1378 1594 1408 exem-

243 1424 310 1469 pla
341 1425 496 1474 collegit
527 1425 721 1466 Drakenb,
755 1427 803 1461 ad
827 1431 885 1472 27,
900 1433 959 1472 25,
977 1430 1060 1474 11),
1097 1434 1215 1472 ratus,
1250 1434 1358 1463 ratus
1386 1435 1453 1476 est,
1486 1438 1594 1467 ratus

242 1489 323 1517 erat
331 1498 344 1526 ,·
369 1494 430 1530 ap.
458 1485 549 1520 Sall.
575 1484 742 1530 rebatur,
771 1494 889 1530 ratus,
916 1494 1023 1522 ratus
1047 1498 1156 1530 sum,
1174 1492 1239 1529 est,
1263 1494 1358 1523 erat.

335 1543 516 1577 REPENS
551 1550 697 1590 praeter
736 1547 840 1593 vulg.
875 1544 971 1592 sign.
1009 1546 1262 1591 (repentinus)
1293 1544 1396 1581 idem
1427 1545 1505 1582 fere
1537 1553 1594 1584 est

243 1600 347 1648 quod
373 1612 564 1647 recens,
591 1602 655 1638 sed
681 1613 741 1649 ap.
768 1605 907 1647 solum,
935 1603 1038 1652 quod
1064 1603 1193 1645 sciam,
1218 1603 1394 1640 Tacitum
1410 1605 1592 1649 Ann.6,7

243 1659 337 1706 quid
361 1673 491 1706 repens
516 1667 582 1694 aut
610 1667 792 1696 vetustate
825 1661 1050 1702 obscurum5
1086 1668 1143 1707 11,
1158 1659 1205 1698 24
1238 1674 1314 1697 ηοη
1349 1675 1491 1713 repens,
1524 1663 1594 1700 sed

240 1719 361 1764 priori
384 1720 521 1765 populo
536 1717 772 1764 factitatum
797 1727 871 1764 est;
899 1725 955 1766 15,
971 1721 1014 1758 63
1042 1727 1255 1756 accesserat
1286 1733 1418 1769 repens
1451 1732 1594 1765 causa,-

242 1775 339 1811 Hist.
360 1774 394 1819 4,
418 1782 464 1814 25
502 1789 589 1813 cum
625 1778 794 1814 adcursu
829 1786 881 1814 tot
916 1772 1200 1826 provinciarum
1236 1781 1428 1826 exstingui
1463 1791 1593 1826 repens

240 1833 407 1880 perfidia
439 1838 620 1882 potuer-it‚·
658 1843 690 1880 1,
706 1842 751 1874 23
786 1835 870 1882 (ubi
903 1837 1062 1883 propius
1093 1838 1239 1873 accedit
1266 1837 1314 1873 ad
1341 1838 1447 1886 vulg.
1475 1838 1591 1886 sign.)

241 1893 393 1927 sceleris
419 1896 592 1941 cogitatio
616 1897 799 1931 incertum
825 1909 876 1930 an
901 1907 1053 1942 repens.-
1077 1896 1206 1931 studia
1233 1897 1395 1931 militum
1407 1895 1491 1940 jam
1501 1898 1594 1943 *pri-

244 1952 328 1985 dem
353 1972 401 1978 —-
427 1952 703 1997 adfectaver-at.
750 1956 860 1990 Falso
894 1954 996 1989 haud
1029 1954 1162 2000 paucis
1197 1953 1292 1989 locis
1322 1965 1450 1989 recens
1483 1966 1594 2002 prae-

241 2011 414 2045 tulerunt
443 2010 616 2046 editores.
663 2014 720 2046 De
746 2011 987 2047 librariorum
1022 2012 1064 2046 in
1089 2011 1370 2048 confundendis
1395 2011 1456 2048 his
1481 2014 1595 2050 voci-.

242 2066 315 2103 bus
343 2079 468 2103 errore
493 2069 582 2104 vide
606 2069 799 2105 Drakenb.
831 2069 879 2103 ad
904 2069 988 2106 Liv.
1006 2075 1038 2113 8,
1054 2074 1111 2113 29,
1129 2075 1161 2106 1.
1210 2069 1457 2106 Adverbii
1480 2076 1590 2108 loco

241 2126 411 2173 positum
435 2139 514 2163 esse
544 2134 705 2174 potest
729 2128 796 2174 (cf.
826 2127 1019 2173 recens)
1044 2129 1149 2163 Ann.
1164 2134 1197 2171 1,
1211 2133 1256 2165 25
1274 2140 1446 2163 murmur
1468 2130 1591 2164 incer-

244 2192 338 2228 tum,
365 2189 481 2221 atrox
515 2186 664 2221 clamor
695 2193 728 2221 et
761 2198 895 2231 repens
929 2188 1031 2236 quies
1065 2186 1114 2231 (Ι.
1149 2187 1312 2221 Beklzer.
1344 2197 1434 2221 cum
1466 2187 1587 2222 Wolf.

242 2243 423 2290 praetulit
447 2252 594 2291 repente
621 2251 752 2280 contra
777 2243 911 2279 libror.
941 2243 1233 2290 auctoritatem).
1272 2245 1327 2278 Ita
1353 2244 1467 2281 Ovid.
1492 2246 1591 2297 Fast.

245 2308 277 2344 1,
290 2303 339 2342 96
362 2305 482 2337 Janus
507 2296 597 2338 bina
624 2315 756 2350 repens
789 2305 904 2340 oculis
938 2304 1069 2339 obtulit
1102 2314 1170 2337 ora
1202 2303 1304 2344 meis,
1338 2308 1375 2337 et
1410 2300 1588 2349 aijiv.

244 2371 398 2407 quoque
423 2360 527 2394 haud
554 2372 637 2396 raro
663 2361 696 2396 si
732 2373 812 2396 non
847 2361 1074 2409 simpliciter
1108 2358 1333 2396 adverbium
1365 2366 1431 2406 est,
1463 2366 1590 2396 tamen

245 2417 293 2451 ad
318 2416 483 2453 verbum
506 2417 623 2452 simul
647 2419 900 2463 referendum,
929 2432 961 2455 e.
988 2430 1022 2467 g.
1035 2420 1070 2464 6,
1084 2416 1130 2456 42
1143 2417 1264 2464 fama
1288 2429 1418 2463 repens
1441 2439 1488 2445 —
1512 2419 1588 2455 ad-

246 2476 346 2518 lata,·
383 2480 476 2521 10,7
501 2478 533 2511 si
561 2477 661 2523 quod
686 2490 816 2524 repens
844 2477 982 2513 bellum
1020 2479 1182 2521 oriatur,·
1215 2481 1311 2520 22,8
1345 2480 1476 2524 repens
1509 2471 1604 2512 alia'

245 2535 451 2569 nunciatur
476 2535 604 2570 clades
611 2551 624 2576 ‚-
651 2546 709 2583 cp.
725 2541 768 2572 21
797 2548 882 2571 cum
902 2535 1018 2581 fama
1031 2548 1162 2582 repens
1184 2536 1257 2571 alio
1279 2537 1412 2570 avertit
1431 2534 1589 2580 bellum‚·
1620 2549 1626 2552 ·

246 2597 363 2635 29,-10
389 2595 578 2628 civitatem·
603 2616 649 2622 —-
674 2588 803 2641 repens
829 2597 956 2643 religio
980 2597 1186 2630 invaserat.
1439 2617 1443 2626 x

339 2652 666 2687 REPERCUSSUS
691 2652 765 2698 adj.
789 2664 849 2700 ap.
873 2653 958 2690 Liv.
984 2660 1023 2689 et
1045 2652 1225 2688 Tacitum
1250 2652 1306 2688 de
1331 2664 1450 2689 sono
1474 2663 1587 2704 usur-

248 2715 361 2756 patur
391 2710 497 2745 Ann-
518 2706 554 2756 lt,
575 2715 620 2748 51
653 2713 791 2747 montis
823 2710 1006 2757 anfractu
1038 2723 1276 2758 repercussae
1306 2712 1407 2747 velut
1436 2723 1462 2746 a
1485 2714 1587 2758 tergo

1684 2567 1692 2584 ἱ
