1702 2982
662 209 852 257 Perinde
883 193 891 201 ⁶
972 195 973 201 ἵ
1354 218 1443 265 353

77 338 151 363 nus
176 333 327 376 egerati
350 324 509 387 perinde
531 326 626 362 socii
661 325 706 361 de
737 325 897 373 imperio
929 327 1123 375 utriusque
1154 328 1442 379 conjectabant,-

76 386 182 422 Ann.
199 385 307 432 12,l41
334 391 519 433 spectaret
547 385 711 433 populus
745 385 849 421 huno
876 381 1010 421 decore
1039 388 1298 435 imperatorio,
1331 391 1442 428 illum

34 458 37 460 ·
70 434 210 492 puerili
231 445 362 482 habitu
386 456 436 480 ac
458 443 616 492 perinde
628 442 837 490 fortunam
862 445 1056 492 utriusque
1077 455 1356 493 praesumeret,
1389 449 1439 485 cf.

75 504 162 542 Liv.
175 506 271 548 27‚8
295 503 453 552 perinde
475 503 653 540 laudaret
677 505 978 552 castigaretque,
1001 514 1062 551 cp.
1079 507 1122 544 17
1149 506 1280 552 quales
1300 519 1352 543 eae
1364 508 1464 544 hac*

75 563 386 612 dieexperiundo
399 563 583 611 cognorit,
595 562 753 609 perinde
766 574 901 610 operae
926 574 1055 598 eorum
1079 565 1243 611 pretium
1263 565 1444 610 faceret,-

73 619 135 667 43,
144 627 166 660 8
175 622 335 670 perinde
342 634 392 658 ac
401 621 563 658 debeant
571 625 658 664 ‚-·28,
670 625 716 658 38
730 621 888 668 perinde
901 632 950 656 ac
959 620 1188 658 debellatum
1185 621 1304 669 foret.
1313 636 1359 652 -·-
1372 625 1441 670 lta,

75 678 451 730 CiceroneLivioque
460 677 731 728 praeeuntibus
743 678 962 726 saepissime
974 691 1002 715 n
1012 691 1034 716 o
1042 692 1070 716 n
1083 693 1108 728 p
1120 692 1141 716 e
1149 680 1190 716 ri
1201 681 1258 732 nd
1269 694 1301 726 e,
1312 683 1340 718 h
1349 695 1370 718 a
1380 695 1403 718 u
1416 683 1443 719 d

73 738 281 787 perinde
305 740 332 776 i.
351 753 385 776 e.
411 751 506 776 non
530 749 694 788 aeque,
722 740 1442 789 usurpaturAnn.2,63non1{yrrhum

74 805 142 834 aut
173 799 416 835 Antiochum?
441 799 582 847 populo
625 800 802 833 Romano
836 797 996 845 perinde
1015 799 1252 835 ‘metuendos
1286 798 1420 846 fuisse
1428 811 1443 845 ,-

77 854 133 902 14,
149 861 193 894 21
220 869 291 893 nec
313 858 475 906 perinde
499 859 751 905 magistratus
783 868 864 892 rem
879 855 1126 903 familiarem
1161 858 1441 904 exhausturos}

72 925 134 963 cp·
149 919 196 954 58
221 917 360 953 Plauto
384 919 520 964 parari
545 928 673 952 necem
699 929 776 952 non
799 916 955 963 perinde
979 917 1167 952 occultum
1187 918 1294 963 suit5
1320 922 1376 962 15,
1392 918 1440 957 43

72 977 252 1022 quoniam
278 978 477 1024 angustiae
500 977 678 1011 itinerum
711 982 747 1011 et
768 975 931 1012 altitudo
959 981 1140 1010 tectorum
1174 988 1251 1012 non
1278 978 1441 1024 perinde

69 1034 163 1069 solis
185 1046 328 1083 vapore
349 1047 408 1082 per
410 1041 702 1083 ·rumperentur;
730 1038 787 1079 12,
801 1031 849 1072 40
873 1034 971 1069 haec
996 1033 1194 1078 conlunoei,
1230 1047 1278 1070 ne
1310 1035 1440 1072 divisa

71 1091 182 1128 haud
201 1094 362 1140 perinde
386 1093 442 1130 ad
464 1095 689 1130 memoriam
714 1095 775 1129 sui
803 1094 1000 1137 valerent5
1031 1091 1130 1128 Hisr.
1160 1098 1193 1137 1,
1218 1097 1263 1134 89
1287 1094 1440 1131 intentis

71 1151 337 1193 alimentorum
360 1154 514 1200 pretiis,
548 1165 646 1201 quae
681 1161 788 1189 motu
819 1152 995 1190 Vindicis
1028 1151 1136 1188 haud
1164 1152 1325 1199 perinde
1355 1155 1439 1199 ple-

69 1208 151 1245 bem
177 1210 431 1259 adv-iverant,
448 1221 596 1248 'secura
619 1219 702 1248 tum
728 1211 822 1247 urbe
829 1225 844 1254 ,·
866 1209 903 1256 4,
918 1212 964 1249 62
988 1212 1094 1246 intra
1124 1211 1272 1260 vallum
1306 1211 1440 1258 defor-

69 1271 187 1306 mitas
210 1271 320 1319 haud
343 1272 502 1320 perinde
531 1269 732 1307 notabilis.-
758 1271 904 1307 detexit
928 1271 1179 1318 ignominiam
1212 1282 1373 1318 campus
1404 1278 1439 1307 et

18 1356 21 1359 ,
67 1327 163 1365 dies.
185 1323 234 1356 ⁵——
281 1329 394 1366 Haud
419 1341 504 1366 raro
529 1334 590 1377 ap,
617 1330 800 1365 Tacitum
825 1327 988 1377 ejusque
1011 1330 1191 1376 aequales
1215 1330 1325 1366 haud
1349 1343 1438 1378 per-

67 1387 160 1424 inde
183 1387 359 1426 absolute
394 1389 565 1436 positum
600 1388 733 1424 minus
772 1387 888 1423 etiam
924 1399 1042 1436 quam
1073 1387 1170 1424 locis
1203 1387 1438 1436 quibusdam

66 1446 184 1482 modo
211 1447 334 1484 allatis
359 1447 688 1495 comparationem
713 1446 909 1495 exprimit,
936 1453 974 1483 et
994 1446 1099 1482 idem
1120 1446 1198 1482 fere
1210 1432 1317 1483 vales
1329 1448 1436 1496 quod

68 1505 195 1540 haud
219 1505 288 1541 ita
310 1506 472 1551 valde,
499 1506 631 1542 haud
655 1517 976 1554 magnopere,
1015 1504 1133 1551 nicht
1160 1505 1284 1551 eben)
1310 1505 1437 1553 nicht

67 1563 446 1612 sonbetliaefnec
480 1564 619 1602 desunt
655 1575 812 1613 prorsus
850 1563 1024 1610 priorum
1057 1566 1260 1612 exempla3
1297 1564 1434 1602 Livius

64 1625 201 1660 saltem
225 1621 260 1667 4,
272 1627 318 1664 37
348 1622 391 1659 in
415 1624 521 1663 hunc
545 1624 707 1659 modum
731 1625 898 1669 locutus,
913 1629 989 1659 est:
1027 1634 1097 1659 nec
1121 1624 1278 1671 perinde
1301 1631 1434 1672 patres

65 1683 169 1718 moti·
182 1690 284 1728 sunt,
310 1690 345 1718 et
371 1687 408 1720 C.
435 1685 677 1731 Sempronius
702 1702 748 1710 —
773 1683 1011 1730 neglegenter
1052 1684 1127 1730 egit
1134 1697 1148 1726 ,·
1182 1682 1305 1719 Tacit.
1329 1683 1433 1719 Anu.

65 1744 101 1786 2,
117 1745 163 1779 88
186 1743 389 1777 Arminius
417 1744 572 1779 canitur
605 1742 737 1778 adhuc
768 1741 961 1778 barbaras
993 1741 1103 1789 apud
1135 1747 1276 1789 gentes,
1313 1745 1434 1778 Grae-

67 1811 199 1836 corum
224 1802 430 1837 annalibus
454 1804 622 1850 ignotus,
649 1803 713 1849 qui
737 1813 809 1836 sua
833 1807 984 1837 tantum
1008 1802 1212 1846 mirantur,
1248 1802 1434 1836 Romanis

64 1860 175 1896 haud
195 1861 356 1908 perinde
382 1863 442 1906 (ac
466 1861 618 1905 meruit,
645 1871 762 1910 quam
788 1872 848 1908 ap.
873 1860 1098 1907 populares3
1117 1858 1183 1894 sed
1200 1858 1273 1895 vix
1296 1859 1434 1895 innui-

65 1925 129 1956 tur
152 1920 246 1956 haec
271 1919 527 1968 comparatio)
553 1919 724 1966 celebris,
750 1919 842 1955 dum
876 1925 1004 1955 vetera
1035 1918 1267 1962 extollimus,
1302 1931 1434 1956 recen-

65 1981 160 2016 tium
187 1981 389 2024 incuriosi,
413 1978 448 2024 4,
463 1979 508 2017 61
547 1983 590 2024 Q.
615 1981 794 2014 Haterius
816 1967 984 2024 familia
1017 1978 1223 2023 senatoria,
1254 1970 1432 2025 eloquen-

66 2040 156 2086 tiae,
191 2040 320 2088 quoad
343 2041 456 2083 vioeit,
494 2037 727 2081 celebratae,·
761 2038 997 2073 monimenta
1031 2038 1174 2085 ingenii
1203 2048 1283 2081 elus
1323 2036 1434 2073 haud

64 2098 225 2148 perinde
248 2102 453 2134 retinentur
460 2112 474 2140 ‚-
498 2098 598 2134 Hist.
621 2102 655 2141 2,
672 2094 718 2135 84
744 2108 842 2144 quae
871 2098 1013 2145 gravia
1037 2112 1086 2121 -·
1107 2098 1222 2132 etiam
1261 2098 1302 2132 in
1331 2091 1434 2144 pace

64 2170 251 2205 mansere,
277 2162 358 2205 ipso
393 2159 625 2206 Vespasiano
659 2158 758 2192 inter
790 2157 899 2191 initia
927 2156 1080 2202 imperii
1112 2155 1168 2191 ad
1204 2152 1430 2191 obtinendas

64 2218 282 2265 iniquitates
316 2217 426 2253 haud
464 2216 622 2264 perinde
657 2215 882 2258 obstinatum,
918 2214 1039 2250 donec
1071 2214 1314 2261 indulgentia
1329 2213 1431 2261 jor-

65 2283 182 2312 tunae
206 2283 240 2312 et
264 2278 396 2324 pravis
420 2277 617 2324 magistris
643 2275 781 2311 didicit
805 2285 994 2319 aususque
1027 2279 1081 2307 est
1089 2287 1103 2314 ,-
1133 2274 1261 2308 Germ.
1284 2277 1307 2311 5
1338 2284 1431 2320 post-

67 2336 231 2371 sessione
255 2342 290 2371 et
313 2349 384 2371 usu
411 2335 533 2383 (auri)
557 2335 665 2371 haud
699 2333 858 2381 perinde
896 2330 1136 2375 adficiuntur
1169 2331 1233 2378 (ac
1257 2342 1329 2368 nos
1353 2334 1432 2367 Ro-

66 2393 172 2428 mani
197 2400 235 2429 et
264 2406 393 2432 omnes
418 2394 496 2430 fere
521 2393 618 2436 aliae
643 2393 831 2438 nationes,
869 2403 967 2441 quae
992 2390 1186 2426 Bredowii
1220 2396 1277 2426 est
1301 2389 1430 2435 expli-

67 2450 166 2486 catio
190 2452 230 2487 h.
241 2458 292 2498 1.;
326 2454 374 2491 cf.
399 2453 539 2490 sustin.
563 2457 597 2497 2,
622 2457 645 2488 2
670 2452 719 2487 de
752 2450 919 2498 Scythis.
977 2454 1126 2485 Aurum
1162 2456 1196 2485 et
1228 2457 1430 2497 argentum

63 2509 221 2556 perinde
248 2519 500 2557 aspernantur
524 2523 573 2546 ac
605 2512 743 2559 reliqui
773 2511 952 2546 mortales
985 2513 1204 2556 appetunt),·
1237 2507 1367 2557 Agric.
1384 2514 1429 2545 10
1455 2542 1457 2545 .

67 2580 174 2603 mare
197 2570 348 2616 pigrum
373 2576 407 2604 et
428 2582 549 2618 grave
573 2570 851 2618 remigantibus
873 2567 1068 2616 perhibent
1102 2580 1150 2603 ne
1182 2568 1306 2603 ventis
1342 2568 1430 2613 qui-

69 2625 155 2661 dem
188 2627 344 2673 perinde
374 2630 513 2673 attolli,
556 2628 627 2663 ubi
664 2628 870 2664 Walchius
900 2627 1065 2662 contulit
1102 2623 1167 2670 οὔχ
1198 2622 1351 2670 ὁμοίως,
1372 2621 1429 2670 μή

0 2732 2 2735 .
67 2681 204 2731 ὁμοίως
228 2685 446 2731 (Thiersch.
483 2687 524 2722 in
560 2688 643 2722 Act.
667 2686 767 2722 Phil.
795 2688 902 2721 Mon.
929 2687 975 2720 T.
998 2686 1062 2720 111.
1100 2686 1207 2720 Fasc.
1230 2688 1265 2720 3.
1290 2693 1339 2730 ,p-
1357 2680 1429 2720 466

68 2741 129 2788 οὐχ
153 2738 276 2787 οὕτως,
303 2742 344 2779 οὔ
366 2747 498 2791 πόσον)
533 2750 571 2781 et
595 2744 762 2782 similem
794 2743 902 2781 vocis
936 2744 1087 2779 totidem
1120 2754 1253 2786 usum,
1288 2741 1430 2778 omisso

112 2809 238 2840 Lexic.
253 2791 444 2839 Taciteum.
1097 2802 1129 2837 Ζ
