1702 2982
246 214 335 256 280
488 209 497 224 '
576 213 800 307 insnrgere
830 242 888 250 --
918 215 1199 265 Intemeratus

255 323 330 361 dae
353 312 503 371 class&
523 332 558 372 3,
571 326 620 367 44
645 330 746 377 quod
767 330 809 366 in
838 337 946 366 tanto
979 345 1040 368 rer
1042 345 1105 368 um
1137 340 1241 369 motu
1260 333 1406 371 libellis
1437 345 1604 406 aceqea-

253 390 379 420 ivrum
402 386 604 422 insumeret
637 400 809 436 operam,·
840 389 941 426 Dial.
953 396 977 433 9
1010 392 1243 427 carminibus
1267 413 1316 419 -
1338 399 1462 430 totam-
1482 392 1604 432 vitam

254 442 461 488 insum-re,-
493 455 554 492 cp.
569 450 615 488 29
639 459 708 483 nec
738 449 779 483 in
810 450 943 484 notitia
977 451 1038 486 vel
1070 464 1195 486 rerum
1226 452 1287 493 vel
1316 452 1513 488 hominum
1543 453 1607 490 vol

254 506 463 548 temporum
487 506 581 539 satis
617 518 749 552 operae
781 508 994 544 insumitur.
1042 509 1085 556 2)
1109 509 1135 544 i.
1163 521 1200 557 q.
1227 521 1437 554 sumere,
1467 510 1608 548 a‘dsu-

255 569 383 597 mere
408 561 509 597 Anu.
525 560 581 606 14,
595 560 643 600 44
668 564 867 601 creditisne
883 578 1044 602 ⁴servum
1073 566 1327 615 interficiendi
1351 567 1494 607 domini
1517 567 1607 605 ‘ani-

253 630 362 654 mum
386 618 631 668 insumpsisse
656 623 724 666 (al.
750 624 822 671 leg.
847 624 1088 671 sumpsisse),·
1122 626 1156 670 6,
1171 630 1216 662 32
1242 627 1412 661 instituta
1437 627 1604 663 Partho-

253 687 338 712 rum
363 679 530 714 insumit.
577 682 633 714 Ita
657 680 749 715 Stat.
778 681 833 717 Cf.
859 684 955 729 Rup.
980 682 1026 717 ad
1051 683 1153 718 Ann.
1165 683 1199 727 6,
1213 688 1271 727 32,
1285 689 1319 721 3.
1580 704 1595 719 0

349 737 616 772 INSURGERE
642 737 797 784 poetice,
835 746 876 775 ut
900 739 1038 789 legitur
1063 739 1177 775 etiam
1201 753 1262 788 ap.
1289 740 1420 787 Quint.
1445 747 1484 784 et
1503 743 1605 781 Plin.

252 791 347 830 min.
382 799 416 838 1)
442 795 466 830 i.
480 808 518 845 q.
544 807 741 844 surgere
767 795 954 839 Germ-39
977 801 1011 833 si
1027 797 1136 844 forte
1158 800 1360 846 prolapsus
1383 807 1448 844 est,
1474 801 1606 839 adtolli

256 857 292 886 et
316 853 510 901 insurgere
536 855 643 890 haud
665 856 821 890 licitum.
847 859 887 901 2)
914 859 1153 892 translate
1177 858 1278 892 Ann.
1294 861 1327 901 2,
1343 858 1388 895 16
1410 860 1508 905 pone
1529 867 1607 895 ter-

249 920 345 956 gum
370 903 590 960 insurgebat
613 914 733 954 silva,⁸
758 913 783 950 i.
799 927 836 963 q.
863 914 1179 959 invalescere
1203 917 1305 950 Ann.
1321 922 1354 961 1,
1369 920 1390 952 2
1415 918 1608 966 insurgere

246 970 451 1014 paullatim
461 986 475 1014 ;
513 977 569 1016 11,
586 972 630 1009 16
661 977 855 1008 Romanas
887 984 973 1019 opes
1009 975 1214 1020 insurgere.
1276 973 1461 1017 Similiter
1497 975 1603 1012 haud

252 1036 339 1062 raro
365 1027 524 1074 Quintil.
553 1031 716 1078 insurgit
741 1032 888 1069 oratio..

345 1085 586 1123 INTECTUS
604 1088 628 1123 i.
642 1100 674 1123 e.
699 1100 791 1124 non
816 1094 972 1124 tectus
998 1088 1090 1138 (i.q.
1116 1095 1346 1126 tectusest
1367 1102 1429 1138 ap.
1451 1091 1607 1134 Livium

251 1142 385 1189 etiam)
412 1151 559 1191 praeter
582 1146 756 1181 Tacitum
785 1158 847 1193 ap.
881 1147 1007 1182 solum
1040 1147 1216 1194 Apulej.,
1248 1149 1352 1183 Ann.
1367 1153 1401 1192 2,
1418 1154 1465 1190 59
1495 1151 1608 1197 pedi-

253 1200 325 1236 bus
356 1203 524 1247 intectis‚·
559 1205 684 1242 Germ.
700 1208 743 1244 17
778 1212 915 1243 ceteras
931 1207 1055 1241 intecti
1063 1220 1076 1246 ‚-
1106 1204 1253 1251 Histalt,
1267 1204 1314 1242 46
1339 1213 1375 1242 et
1399 1211 1444 1247 77
1470 1210 1606 1245 intecto

252 1270 427 1306 corpore;
459 1266 493 1304 5,
509 1266 554 1298 22
590 1263 675 1299 dux
706 1265 951 1300 semisomnus
985 1275 1035 1299 ac
1064 1276 1180 1311 prope
1210 1266 1394 1308 intectus3
1426 1268 1607 1304 translate

251 1319 647 1364 ap.unum⁴1¹acitum
665 1322 769 1357 Anu.
783 1320 818 1366 4,
835 1328 853 1359 1
883 1321 1069 1357 ut-sibz‘
1094 1324 1160 1357 uni
1184 1323 1381 1358 incautum
1405 1325 1606 1362 intectum-

252 1387 324 1422 que
346 1376 472 1423 ff⁶e¹
474 1385 520 1418 et
1632 1399 1633 1402 ¹

349 1436 705 1481 INTELLECTUS,
732 1439 812 1482 US,
846 1444 1053 1485 praeeunte
1081 1437 1232 1483 Velleio
1247 1445 1279 1483 1,
1298 1445 1362 1483 13,
1393 1439 1498 1475 idem
1529 1440 1608 1478 fere

252 1498 310 1528 est
335 1503 395 1539 ap.
421 1494 461 1529 h.
487 1494 616 1531 aetatis
642 1497 844 1543 scriptores
869 1497 974 1544 quod
999 1508 1060 1544 ap.
1087 1496 1244 1543 priores,
1270 1497 1439 1533 maxime
1464 1509 1527 1545 ap.
1543 1499 1609 1535 Ci-

254 1561 444 1597 ceronem,
470 1555 734 1601 intelligentia.-
767 1557 870 1592 Ann.
886 1555 919 1598 6,
935 1555 981 1591 36
1018 1557 1102 1599 quis
1134 1568 1250 1602 neque
1281 1556 1370 1591 boni
1400 1557 1608 1593 intellectus

250 1620 368 1655 neque
392 1612 486 1645 mali
511 1615 631 1654 cura5'
654 1619 709 1657 13,
725 1619 770 1651 38
790 1614 1026 1650 dissimulato
1051 1615 1257 1657 intellectu‚-
1283 1615 1408 1649 Germ.
1424 1615 1471 1651 26
1487 1615 1607 1650 hiems

251 1673 286 1702 et
310 1680 377 1703 ver
402 1676 436 1703 et
459 1678 583 1705 aestas
607 1673 834 1716 intellectum
860 1684 909 1706 ac
927 1671 1118 1708 vocabula
1137 1672 1277 1708 habent
1304 1675 1360 1719 (et
1385 1672 1609 1722 intelligun-

250 1730 325 1769 tur,
361 1735 446 1765 man
481 1729 662 1769 nevbtnbet
695 1730 808 1770 bamit
843 1730 944 1769 einen
981 1729 1195 1774 bestimmten
1228 1730 1394 1779 fficgriffs
1425 1736 1464 1766 et
1488 1730 1608 1767 certis

248 1785 474 1822 nominibus
507 1788 796 1836 designantur),
840 1790 1037 1844 anctumrzi
1066 1790 1222 1836 perinde
1255 1801 1391 1824 nomen
1423 1799 1473 1823 ac
1504 1788 1634 1824 bona*

249 1843 495 1889 ignorantum
511 1846 625 1881 nial.
643 1852 693 1888 19.
724 1860 800 1882 non
824 1869 871 1875 —
895 1846 1047 1882 inscitia
1072 1848 1284 1882 litterarum
1308 1847 1544 1882 transtulisse
1567 1859 1607 1882 se

199 1919 204 1923 -
250 1903 304 1934 ad
326 1901 368 1936 id
392 1903 544 1938 dicendi
562 1917 682 1951 genus
706 1925 772 1948 —-,
799 1906 866 1941 sed
886 1906 1030 1948 judicio
1055 1913 1088 1941 et
1113 1907 1323 1949 intellectu‚·
1348 1911 1410 1952 cp'.
1423 1911 1467 1943 31
1494 1907 1606 1944 intel·-

250 1960 368 1994 lectus
393 1973 520 1996 eorum
546 1975 641 2008 quae
665 1975 735 1998 nec
760 1966 799 1998 in
823 1964 1023 1999 virtutibus
1047 1977 1165 2012 neque
1196 1966 1236 1999 in
1266 1965 1371 1999 vitiis
1395 1976 1606 2002 numeran—

249 2024 322 2052 tur.
372 2019 428 2054 Cf.
457 2019 617 2064 Quintil.
627 2027 666 2062 ·,1
683 2026 767 2064 5,2;
795 2023 901 2066 2,16‚
919 2027 975 2059 15
1579 2048 1582 2050 v

346 2078 668 2112 INTELLIGERE
693 2090 752 2123 ap.
776 2085 949 2113 nostrum
983 2091 1138 2128 quoque
1163 2086 1220 2115 est
1253 2062 1416 2115 mente
1446 2080 1604 2128 perci-

249 2146 380 2182 pere,
407 2146 488 2169 non
514 2134 656 2177 animo,
691 2141 734 2169 ut
760 2136 914 2170 Walch.
945 2136 991 2170 ad
1017 2137 1145 2184 Agric.
1158 2135 1205 2174 40
1231 2138 1435 2181 contendit,
1470 2150 1605 2174 exem-
1636 2170 1638 2172 ,

250 2193 326 2240 plis
351 2192 470 2228 nullis
494 2191 662 2241 probans
684 2193 909 2228 sententiam
935 2205 1056 2228 suam.
1085 2195 1258 2230 Cf.Ann.
1275 2201 1306 2237 1,
1323 2193 1460 2238 11.49;
1487 2196 1521 2239 6,
1533 2193 1601 2241 4ος

249 2249 285 2296 4,
300 2255 366 2295 52;
410 2249 467 2294 14,
481 2252 525 2295 6;
569 2251 667 2286 Hist.
682 2249 717 2294 4,
735 2257 798 2294 833
834 2250 971 2296 Vellei.
988 2257 1019 2294 1,
1034 2256 1079 2296 93
1111 2255 1145 2295 2,
1160 2250 1227 2295 433
1264 2251 1422 2298 Quintil.
1438 2258 1470 2297 1,
1483 2257 1518 2296 3,
1535 2255 1599 2298 173

252 2308 463 2354 10,1,x10l1;
499 2315 555 2352 11,
570 2315 606 2353 3,
621 2313 666 2349 72
708 2309 838 2358 ibique
871 2309 1069 2357 Spalding.
1119 2309 1352 2345 Insolentius
1384 2311 1519 2356 paullo
1551 2311 1602 2354 ad

247 2367 351 2414 ipsos
376 2367 552 2403 homines
579 2367 740 2414 pertinet
762 2368 867 2403 Ann-
885 2373 919 2410 3,
934 2373 956 2404 3
993 2367 1161 2402 Tiberius
1190 2374 1301 2414 atque
1324 2371 1502 2415 Augusta
1524 2380 1604 2424 pu-

248 2426 349 2460 blico·
369 2425 580 2461 abstinuere
602 2447 651 2454 —-
674 2438 722 2460 ne
747 2428 912 2461 omnium
941 2426 1057 2460 oculis
1088 2426 1234 2460 vultum
1261 2438 1387 2461 eorum
1419 2429 1602 2463 scrutari*

246 2483 346 2519 tibus
361 2484 463 2530 falsi
493 2485 797 2531 intelligerentur.
846 2482 978 2529 Simile
1011 2488 1067 2518 est
1100 2482 1336 2519 Ovidianum
1367 2484 1466 2520 illud
1497 2489 1602 2522 Bar·-

247 2541 366 2578 barus
390 2543 453 2577 hic
478 2555 543 2590 ego
569 2555 653 2576 sum
679 2543 769 2589 quia
793 2554 868 2577 non
890 2542 1080 2588 intelligor
1104 2543 1183 2577 ulli.
1399 2533 1407 2541 ’
1590 2557 1594 2560 ’

344 2601 695 2638 INTEMERATUS
729 2599 877 2647 poetica
907 2605 988 2635 vox
1020 2611 1136 2647 quam
1171 2611 1231 2647 ap.
1268 2600 1414 2647 priores
1451 2601 1598 2649 scriptt.

245 2658 318 2696 vix
342 2658 517 2695 invenias
544 2661 646 2696 Ann.
663 2666 696 2705 1,
709 2657 757 2697 42
784 2657 875 2705 quid
904 2658 1004 2692 enim
1027 2670 1095 2705 per
1119 2659 1187 2694 laos
1213 2658 1292 2694 dies
1325 2660 1503 2696 inausum
1534 2661 1600 2695 ine·

245 2723 514 2754 temeratumve
537 2717 667 2758 vobis?
699 2728 761 2765 op.
775 2714 824 2758 49
847 2727 892 2751 ea
916 2713 1098 2752 seditione
1132 2718 1359 2754 intemerata
1393 2718 1601 2760 modestia,-
