1702 2982
496 186 741 235 Auxiliator
770 211 828 222 —-
858 185 1019 254 Beatus
1218 165 1220 167 Ι
1378 185 1434 234 ’Π

83 288 300 344 reconditas
323 315 465 342 causas
489 303 648 352 requiris
680 311 750 337 nec
773 306 843 335 aut
869 296 937 334 tibi
960 299 1036 345 ipsi
1060 303 1129 332 aza
1150 298 1240 335 huic
1262 297 1435 334 Secundo

80 367 143 404 vel
163 367 254 403 Ιιιιὶο
278 369 382 414 Apro
413 365 609 412 ignotas.
623 358 699 396 Sed
731 369 784 394 ex
818 357 906 405 ipso
941 355 1019 393 Cic.
1052 357 1275 403 exemplum
1311 355 1436 393 attulit

80 424 206 461 Hand.
231 423 275 460 in
298 425 412 458 Tui-s.
444 421 535 468 Vol.
545 420 564 454 1
579 410 634 467 Ρ
653 415 746 462 549ς
785 426 901 464 porro
925 414 1030 451 sive
1052 432 1102 441 -—-·
1124 421 1207 450 aut
1236 413 1333 451 Hist.
1353 419 1389 459 5,
1412 417 1436 456 7

81 490 222 521 cuncta
244 488 376 531 sponte
399 479 504 517 edita
542 483 610 514 aut
643 487 765 512 manu
798 481 898 518 sata,
932 475 1010 509 sive
1040 471 1179 509 herbae
1210 479 1336 510 tenues
1367 480 1437 510 aut

72 544 192 590 flores
214 559 264 569 --
285 543 508 582 vanescunt,
535 547 614 586 quo
638 535 687 571 de
704 536 798 571 loco
822 532 906 571 vid.
931 528 1057 568 Hand

173 598 387 638 AUXILIA
410 608 454 634 v.
477 594 757 633 Abstracta.

173 651 464 695 AUXILIARIS
489 667 529 693 v.
555 650 848 702 Singularis.

172 715 484 764 AUXILIATOR
518 710 709 761 (Quintil.,
743 710 852 755 Stat„
884 707 1053 754 Petron.)
1084 708 1185 742 Arm.
1200 705 1235 752 6,
1249 709 1296 748 37
1329 705 1438 744 ’zaud

0 799 12 804 -
79 775 267 824 inglorius
291 765 519 811 auxiliator.

173 831 420 871 AVARITIA
442 830 571 880 Agric.
583 834 609 874 9
630 829 838 873 tristitiam,
875 825 1147 874 adrogantiam
1173 830 1208 860 et
1232 826 1438 861 avaritiam
1460 845 1462 847 >

80 898 253 937 exuerat,
277 893 386 928 locus
402 902 433 934 *a
449 888 581 926 multis
605 887 842 937 pravissime,
869 896 892 921 a
906 885 1088 922 Walchio
1106 883 1249 932 optime
1265 881 1439 930 explica-

79 955 156 989 tus.
179 949 428 989 avaritiae
444 950 486 986 h.
506 950 536 986 1.
553 947 686 984 eadem
700 946 779 983 sere
794 945 893 981 ratio
913 950 981 988 est,
1000 956 1100 994 quae
1115 941 1438 990 adrogantiae

79 1010 137 1056 (v.
156 1007 202 1046 h·
233 1009 403 1056 vocem),
437 1020 518 1045 non
550 1004 773 1054 simpliciter
797 1003 839 1039 in
872 1003 1013 1038 malam
1038 1009 1185 1050 partem
1216 999 1435 1043 trahendae,

80 1068 148 1117 sed
168 1067 411 1105 severitatem
434 1066 636 1103 dumtaxat
657 1072 849 1100 summam
866 1061 908 1097 in
931 1060 1127 1110 exigendis
1147 1058 1299 1095 tributis
1321 1071 1344 1093 a
1357 1059 1439 1094 Ve-

81 1126 258 1175 spasiano
282 1125 428 1163 scilicet
453 1125 502 1161 ad
525 1121 746 1170 reficiendas
764 1119 943 1158 exhausti
958 1115 1091 1155 aerarii
1106 1118 1206 1156 vires
1226 1117 1439 1164 injunctam

79 1184 340 1244 exprimentis.
355 1183 510 1222 Waloh.
525 1175 672 1219 confert
690 1179 768 1218 Cic.
786 1181 897 1217 Verr.
907 1183 942 1223 3,
959 1183 1004 1217 82
1026 1178 1099 1224 Qui
1119 1179 1192 1214 Ιιοο
1213 1176 1318 1220 fecit,
1337 1187 1438 1212 ava-

79 1257 166 1281 rum
169 1255 372 1292 possumus
382 1244 615 1285 existimare,
633 1242 776 1276 crimen
791 1239 832 1275 in
849 1251 888 1273 eo
906 1239 1127 1274 constituere
1142 1249 1219 1273 non
1227 1246 1437 1284 possumus.

173 1304 435 1340 AVELLERE
467 1302 612 1346 transl„
650 1304 694 1334 ut
732 1309 794 1345 ap.
830 1297 928 1340 cic„
963 1295 1133 1332 maxime
1163 1307 1256 1333 vero
1282 1296 1435 1342 poetas,

78 1359 294 1407 Ann.1,44
318 1368 362 1398 ut
387 1361 636 1398 avellerentur
667 1359 806 1393 castris
831 1353 1005 1404 (milites.
1040 1367 1080 1393 v.
1105 1353 1436 1403 abrumpere);

79 1421 116 1468 4,
130 1425 177 1467 20
207 1420 420 1457 liberalitas
442 1419 607 1468 Augusti
632 1418 781 1454 avulsa.

165 1481 338 1516 AVERE
363 1494 410 1511 =
416 1489 584 1530 cupere,
617 1474 738 1510 rarior
771 1474 813 1510 in
843 1473 1067 1511 universum
1100 1484 1203 1519 vox,
1235 1470 1370 1508 Tacito
1401 1477 1440 1507 et

79 1538 251 1576 maxime
283 1536 456 1575 Ciceroni
487 1536 726 1584 frequentata
757 1533 863 1569 Ann.
877 1530 912 1578 4,
925 1536 969 1573 71
1004 1535 1046 1569 ni
1078 1533 1173 1568 mihi
1208 1532 1438 1568 destinatum

69 1597 177 1646 foret
200 1610 312 1634 suum
339 1607 506 1645 quaeque
531 1595 573 1629 in
598 1605 745 1628 annum
771 1591 922 1638 referre,
948 1590 1087 1627 avebat
1118 1593 1271 1627 animus
1296 1591 1438 1626 anteire

80 1664 176 1702 cet.,·
203 1661 320 1703 11,10
345 1665 568 1702 recuperare
599 1653 823 1688 Armeniam
856 1651 1013 1695 avebat3
1049 1655 1105 1694 12,
1120 1649 1168 1687 36
1202 1648 1439 1696 avebantque

80 1718 213 1763 visere,
248 1717 331 1763 quis
354 1714 417 1749 ille
450 1719 503 1748 tot
535 1723 604 1759 per
635 1721 756 1746 annos
788 1721 873 1756 opes
905 1717 1058 1746 nostras
1083 1708 1300 1756 sprevisset.
1345 1705 1441 1742 Loci

83 1775 176 1820 Cic.-,
211 1773 279 1809 ubi
311 1774 406 1810 haec
438 1783 520 1809 vox
551 1768 703 1817 leg-itur,
737 1774 827 1804 sunt
860 1768 936 1806 Off.
952 1766 1043 1813 1,4;
1076 1767 1282 1815 Phi1,5253
1321 1763 1438 1810 1473

81 1835 290 1878 Att.1,15;
325 1835 443 1876 2,18;
475 1826 648 1874 4,3.15;
684 1830 718 1872 5,
738 1831 804 1873 203
838 1826 932 1872 6213
960 1831 1106 1873 7,2.33
1143 1823 1437 1870 14‚35.39.5o;

85 1891 142 1937 14,
158 1896 193 1932 7.
210 1896 275 1934 123
310 1895 367 1934 15,
383 1893 523 1932 11.19;
557 1886 620 1922 fin.
635 1890 670 1930 2,
686 1883 750 1930 143
785 1897 863 1921 sen.
878 1891 945 1930 233
979 1884 1043 1922 fin.
1061 1882 1098 1929 4,
1118 1882 1182 1928 193
1216 1884 1330 1918 Tusc.
1349 1888 1381 1928 1,
1403 1886 1438 1919 8.

82 1950 151 1996 473
183 1951 230 1986 N.
262 1951 310 1985 D.
336 1953 371 1993 2,
398 1953 438 1992 13
471 1944 590 1982 divin.
609 1949 641 1989 1,
661 1945 704 1990 63
739 1948 775 1988 2,
796 1943 854 1982 62.
904 1946 1133 1992 Plerumque
1163 1953 1254 1978 cum
1287 1941 1435 1986 audire,

81 2009 220 2053 videre,
244 2009 352 2051 scire,
380 2007 535 2052 discere,
562 2005 735 2051 accipere
759 2001 1022 2050 conjungitur'3
1045 2001 1098 2038 ita
1118 2000 1231 2037 etiam
1255 1998 1437 2049 gestire

80 2068 163 2104 Att.
182 2064 217 2111 4,
234 2071 276 2104 11
304 2072 343 2102 et
366 2065 532 2115 saepius.
580 2062 715 2102 Livius
742 2061 799 2099 bis
823 2073 916 2098 usus
949 2066 1006 2098 est
1036 2060 1112 2097 hoc
1142 2057 1282 2099 avendi
1314 2057 1435 2097 verbo

82 2132 141 2173 33,
155 2131 221 2172 323
247 2124 306 2170 45,
322 2130 383 2168 39.
786 2115 787 2118 ’
1032 2167 1035 2169 ,

174 2185 364 2222 AVIDUS
388 2186 544 2234 praegn.
569 2181 668 2229 sign.
693 2191 734 2219 v.
761 2178 933 2229 adject.
953 2185 987 2218 1.

173 2243 471 2280 AVUNCULUS
495 2254 535 2280 v.
562 2251 715 2288 gener.

174 2302 421 2338 BALNEUM
443 2314 483 2339 v.
509 2302 740 2347 Syncope.

178 2361 372 2397 BEATUS
396 2372 419 2397 e
444 2361 551 2406 vulg.
584 2356 860 2393 consuetudine
890 2354 938 2393 de
969 2355 1143 2405 personis
1176 2361 1220 2402 et⁴
1245 2354 1292 2390 de
1323 2351 1437 2390 rebus

83 2419 132 2456 ad
157 2431 220 2456 eas
244 2417 524 2467 pertinentibus
548 2416 622 2464 (ita
646 2415 820 2454 Ciceroni
845 2413 1047 2459 civitas,
1079 2413 1181 2452 vita
1206 2412 1345 2449 dicitur
1368 2410 1438 2447 be-⁴

83 2485 156 2525 ata,
181 2484 218 2514 et
240 2476 309 2513 issa
333 2476 488 2526 quidem
513 2487 589 2525 qua
613 2476 775 2523 opulens
801 2475 875 2520 est)
899 2475 1001 2509 Ann.
1015 2479 1073 2517 11,
1089 2478 1136 2510 20
1165 2472 1292 2507 beatos
1315 2482 1438 2518 quon-

85 2538 178 2574 dam
206 2536 321 2572 duces
343 2539 549 2571 Romanos.
577 2551 626 2562 —-
670 2535 728 2570 De
753 2532 837 2570 aliis
870 2531 986 2569 etiam
1017 2530 1143 2574 rebus,
1177 2542 1274 2580 quae
1306 2528 1437 2564 beatos

83 2596 251 2634 reddunt
287 2592 482 2638 homines,
525 2597 570 2628 ut
606 2604 669 2640 ap.
704 2599 834 2640 poetas
873 2602 954 2626 rus
994 2589 1206 2633 beatum,
1247 2585 1459 2622 beatum·

83 2661 250 2692 nectar
272 2649 460 2700 Agric.44
481 2653 523 2687 in
546 2651 624 2687 hac
647 2650 854 2687 beatissimi
877 2650 1022 2684 saeculi
1051 2649 1135 2683 luce
1140 2662 1154 2688 ‚-
1186 2653 1225 2683 et
1252 2645 1355 2680 idem
1380 2649 1437 2679 est

85 2714 191 2764 quod
227 2710 370 2756 felix,
410 2708 537 2760 quod
575 2707 698 2747 bene
736 2705 984 2757 procedit,
1023 2705 1163 2752 cujus
1202 2703 1436 2740 adfluens
