1702 2982
614 11 678 56 Ι..

592 135 612 148 s

629 218 661 253 ,
723 188 949 242 vexilla-ii
1275 232 1278 234 -
1432 198 1534 257 489‘

158 309 342 348 quemque
369 295 548 338 militnm.
595 301 654 342 cf.
680 303 782 343 Plin.
806 306 927 355 Epist.
942 307 1037 357 8*ss
1068 314 1263 352 maximus
1300 318 1459 369 quisque
1481 329 1518 359 et

158 359 434 401 venustissimus
443 373 516 408 pro
525 369 704 410 pta-entm-
726 365 865 413 Paneg.
880 372 926 405 15
943 373 1122 408 vetustior
1140 375 1250 411 miles
1254 388 1270 418 ,-
1284 377 1381 415 Liv.
1401 383 1517 424 2223

157 418 430 457 κιεωϋεείτηήιε
452 431 499 454 ex
520 422 568 456 iis
591 423 659 470 qui
682 424 858 460 viverent.
883 445 932 457 --
954 428 1058 467 Anu.
1071 430 1106 474 6,
1121 436 1167 469 31
1195 433 1400 473 liberorum
1424 451 1517 476 suo-

154 487 244 519 nam
268 477 539 524 veterrimum5
571 479 622 516 cf.
647 480 807 528 Liv.42,
821 481 868 529 47
901 492 1041 523 veteres
1065 495 1102 524 et
1124 492 1242 526 moris
1266 497 1414 542 antiqui
1434 509 1516 534 me-

153 545 280 573 mores
302 535 497 585 negabant
521 545 589 577 cet.
637 541 695 576 De
719 541 816 579 locis
838 542 938 580 Dial.
951 544 989 582 6.
1004 549 1049 587 17
1080 546 1150 584 ubi
1175 556 1313 587 veteres
1338 561 1373 590 et
1396 567 1514 599 senes,

153 596 303 643 antiqui
326 607 377 632 ac
401 602 540 633 veteres
572 596 871 648 conjunguntur,
906 614 945 640 v.
969 605 1154 655 Proleg.
1188 607 1232 645 in
1266 611 1514 661 Pleonasm03

152 650 203 689 de
227 653 398 702 genitivo
431 654 524 691 huic
554 667 596 693 v.
623 656 756 704 juncto
789 671 828 697 v.
854 660 1005 709 genit.
1030 684 1079 692 —
1110 667 1216 704 Ann.
1233 674 1264 713 1,
1279 674 1325 707 58
1349 678 1451 708 reete
1474 685 1516 710 se

151 708 272 748 habet
295 719 413 749 vetere
436 716 476 751 in
496 717 710 762 provincia.
759 719 827 755 Est
850 718 954 757 enim
979 732 1026 757 ea
1050 735 1138 771 pars
1164 727 1390 766 Germaniae
1415 743 1515 779 quae

150 767 199 805 in·
218 769 374 808 sinistra
396 773 520 810 Rheni
552 774 638 823 ripa
661 774 739 823 jam
772 776 840 812 diu
872 777 1032 826 parebat
1060 784 1319 822 Romanorum
1350 787 1515 837 imperio

151 838 243 876 opp.
267 827 424 867 incertis
455 833 636 881 propriae
669 836 895 881 Germaniae
926 840 1246 890 possessionibus,
1280 843 1380 896 qnae
1410 860 1512 885 non-

150 885 245 924 dum
275 888 319 925 in
353 890 576 938 provinciae
607 891 771 930 formam
795 895 969 937 redactae
994 906 1120 947 erant3
1154 902 1202 938 of.
1232 914 1292 951 cp.
1305 910 1352 947 59
1378 908 1513 945 coleret

149 948 317 995 Segestes
340 951 480 986 victam
513 952 652 998 ripam.
700 954 755 989 Ita
779 957 935 993 Tacitus
961 957 1334 1008 Carthaginiensium
1358 971 1510 1014 terram,

148 1016 275 1054 quam*
302 1006 345 1043 in
375 1008 508 1044 Africa
542 1008 709 1057 primam
749 1011 825 1049 sibi
864 1013 1108 1061 subjecerunt
1148 1021 1311 1058 Romani
1350 1032 1511 1063 veterem

143 1066 385 1110 provinciam
409 1074 522 1105 vocat
545 1068 649 1105 Ann-
663 1074 698 1116 3,
713 1069 783 1116 743
814 1071 866 1108 ita
899 1073 984 1111 Liv.
999 1073 1136 1123 24,l}4;
1171 1084 1230 1124 25,
1246 1085 1268 1118 3
1298 1093 1381 1119 eam
1409 1082 1511 1121 Sici-

146 1120 224 1158 liae
247 1130 409 1171 partem,
445 1139 544 1176 quae
575 1128 702 1176 prima
735 1131 918 1169 Romanis
950 1134 1079 1180 paruit
1087 1146 1099 1182 3
1133 1136 1187 1173 ita
1222 1124 1510 1182 Narbonensem

149 1180 315 1218 Galliam
338 1184 544 1231 Appianus
557 1184 593 1232 4,
609 1192 654 1224 2:
680 1184 724 1234 ἣν
747 1188 913 1226 παλαιιὶν
937 1191 1086 1230 ἐκάλουν
1107 1195 1277 1244 κελτικήν
1306 1211 1397 1249 opp.
1411 1207 1446 1248 2,
1460 1202 1508 1244 48

90 1259 107 1267 ,»
144 1236 344 1285 θεόληπτοι·
365 1242 529 1289 γαλατία.
754 1266 757 1271 ·

240 1300 534 1338 VEXILLARII
561 1305 856 1352 (VEXILLUM,
883 1308 1190 1359 SUBSIGNANI,
1216 1316 1410 1365 ELECTI)
1436 1322 1507 1370 qui

144 1354 290 1394 fuerint
301 1359 342 1406 *)
374 1366 417 1395 ut
450 1361 566 1398 altius
605 1375 686 1399 rem
718 1376 810 1401 sane
843 1366 1038 1404 difficilem
1070 1379 1280 1419 repetentes
1312 1389 1508 1426 exponere

142 1416 348 1463 possimus,
377 1418 547 1466 primum
571 1420 685 1459 nobis
716 1423 930 1461 videndum
967 1434 1024 1463 est
1055 1429 1104 1465 de
1137 1434 1326 1471 vexilli
1358 1438 1507 1487 signifi-

76 1484 80 1487 ·
142 1474 304 1513 catione.
355 1477 535 1514 Cicerone
560 1486 714 1517 auctore
740 1482 939 1532 (Orat-45)
962 1488 1080 1523 avehi
1105 1490 1301 1530 derivatur
1325 1500 1505 1538 vexillum

143 1538 182 1568 et
217 1541 457 1573 contractum
491 1544 547 1574 est
582 1539 625 1575 in
661 1541 796 1585 velum,
836 1549 880 1579 ut
912 1546 1030 1580 axilla
1061 1547 1108 1583 'in
1142 1551 1230 1596 ala,
1267 1558 1427 1593 maxilla
1461 1559 1505 1596 in

141 1593 263 1629 mala.
312 1594 438 1631 Habet
469 1603 599 1633 autem
631 1598 828 1647 duplicem
861 1603 1198 1654 significationem3
1242 1610 1283 1658 1)
1309 1621 1366 1650 est
1398 1616 1503 1655 idem

143 1650 222 1687 fere
248 1653 352 1701 quod
377 1655 531 1701 signum
559 1662 596 1692 et
624 1669 909 1709 nonnunquam
935 1672 1172 1710 permutatur
1196 1679 1290 1706 cum.
1309 1672 1350 1708 h.
1375 1686 1414 1712 v.
1442 1678 1500 1722 (v.

141 1710 368 1773 signum),
395 1712 462 1749 sed
491 1715 648 1762 proprie
681 1729 772 1765 opp.
798 1719 907 1768 signo
933 1723 1097 1772 legionis
1132 1727 1318 1778 (aquilae)
1350 1739 1387 1769 et
1417 1746 1502 1771 ma-

139 1768 364 1817 nipulorum
389 1771 653 1820 (manipulum
673 1776 780 1812 foeni
802 1778 868 1826 qui
889 1781 1026 1827 primis
1048 1786 1285 1832 temporibus
1306 1803 1376 1837 pro
1389 1793 1501 1842 signo

139 1826 362 1875 habebant)
395 1836 529 1879 estque
567 1833 720 1881 signum
762 1836 926 1875 linteum
968 1840 1160 1888 (parvum
1202 1849 1312 1895 quasi
1346 1853 1501 1898 velum)

139 1887 315 1936 equitum
340 1895 377 1924 et
402 1889 652 1927 auxiliarium
677 1895 876 1941 copiarum
915 1900 969 1943 (v.
996 1901 1082 1939 Liv.
1095 1908 1154 1947 39,
1170 1909 1216 1942 20
1249 1908 1408 1955 legionis
1441 1926 1502 1949 se·
1538 1952 1541 1955 Δ

141 1946 293 1982 eundae
315 1948 429 1995 signa
454 1951 542 1994 tria,
569 1952 744 1988 undecim
781 1958 919 2002 vexilla
945 1962 1090 1997 socium
1116 1966 1248 1999 Latini
1271 1971 1435 2005 nominis
1459 1974 1500 2010 in

141 2011 360 2052 potestatem
386 2007 551 2044 hostium
578 2020 756 2048 venerunt
765 2027 779 2056 ,-
805 2020 836 2059 8,
849 2021 896 2057 39
913 2020 1051 2054 vexilla-
1076 2034 1116 2056 se
1140 2035 1293 2060 suorum
1314 2041 1502 2074 parmas.

139 2075 210 2110 que
235 2076 388 2100 cernere
411 2068 615 2115 equitum),
651 2071 742 2107 dein
768 2085 902 2111 eorum
927 2077 997 2126 qui
1023 2091 1044 2114 e
1068 2079 1211 2128 majore
1236 2085 1407 2124 militum
1433 2101 1501 2127 co-

138 2121 204 2169 pia
230 2122 354 2168 electi,
379 2126 444 2162 vel
468 2125 519 2162 ob
543 2128 713 2179 aliquam
740 2143 891 2171 causam
921 2136 1135 2187 singulares
1156 2140 1199 2177 in
1220 2143 1373 2183 ordines
1390 2159 1499 2186 com-

235 2302 271 2346 *)
298 2305 384 2336 Vide
412 2307 455 2337 de
485 2310 681 2343 vexillariis
713 2314 811 2354 Lips.
839 2317 882 2347 ad
905 2319 1128 2359 Ann.1‚17;
1154 2322 1198 2353 de
1222 2325 1325 2356 milit.
1340 2330 1368 2364 1,
1388 2333 1426 2366 83
1453 2332 1496 2368 V,

126 2353 161 2384 -9
189 2357 223 2381 et
249 2353 291 2382 ad
323 2353 565 2395 Hist,2,1oo;
598 2361 737 2393 Ernest.
770 2365 860 2394 EXG.
896 2366 938 2395 ad
962 2369 1056 2397 Ann.
1082 2371 1133 2407 A;
1167 2373 1315 2403 Hertelii
1343 2377 1496 2409 Excurs.

141 2398 185 2427 de
216 2400 412 2432 vexillariis
446 2404 484 2434 in
520 2408 676 2440 ejusdem
710 2419 847 2442 reeens.
880 2415 1000 2452 Agric.
1034 2417 1130 2455 Lips.
1159 2423 1246 2454 1327
1284 2424 1319 2453 et
1353 2426 1495 2458 VValch.

131 2445 183 2474 'ad
207 2447 326 2485 Agric.
352 2459 387 2487 p.
404 2454 470 2486 240
487 2457 628 2488 -258,
667 2458 712 2486 Et
737 2459 780 2487 ad
807 2460 958 2490 Hertelii
983 2464 1124 2500 quidem
1149 2468 1376 2508 Walchiique
1403 2481 1494 2503 com-

139 2494 369 2525 mentationes
391 2507 471 2529 cum
491 2503 691 2540 compositis
711 2507 790 2539 jam,
817 2517 905 2544 quae
930 2510 1032 2540 nobis
1058 2521 1164 2550 super
1188 2514 1254 2544 hac
1279 2525 1317 2545 re
1341 2518 1494 2552 dicenda

138 2548 213 2570 esse
237 2541 460 2586 videbantur,
486 2548 526 2577 in
549 2559 671 2581 manus
699 2561 834 2584 nostras
859 2557 1035 2594 venerint,
1067 2559 1106 2588 in
1131 2561 1414 2596 adnotationibus
1440 2577 1494 2597 re-

138 2587 274 2625 spicere
299 2590 363 2619 ubi
390 2602 478 2631 opus
504 2605 604 2630 esset,
639 2600 744 2629 satius
771 2601 948 2640 duximus,
985 2613 1086 2643 quam
1120 2611 1358 2646 comparandis
1390 2614 1495 2645 refel-

135 2634 318 2673 lendisque
355 2648 476 2670 eorum
517 2646 699 2676 sententiis
733 2654 767 2677 et
807 2656 947 2680 nostrae
987 2652 1233 2691 disputationis
1266 2659 1426 2691 ordinem
1458 2669 1496 2694 et

135 2681 328 2720 legentium
353 2687 527 2721 judicium
558 2694 776 2730 perturbare.
826 2698 867 2727 In
899 2698 1122 2731 universum»
1141 2705 1379 2738 consentimus
1411 2717 1493 2742 cum

134 2730 311 2762 Walchio.
