1702 2982
250 220 343 253 XXX
606 216 611 218 ’
728 207 1106 270 Prolegomcna

362 326 429 370 Ita
464 325 588 387 igitur
622 324 781 370 nullam
819 315 942 372 facile
972 340 1116 373 earum
1146 328 1344 375 virtutum
1375 328 1586 376 desidera-

178 404 179 408 ’
244 412 336 441 mus
367 396 412 440 in
442 395 608 452 Tacito,
639 413 759 459 quae,
792 396 828 441 si
857 397 972 459 ipsas
1010 398 1192 461 primum
1231 417 1322 457 res,
1359 417 1447 446 non
1483 401 1585 446 scri-

244 467 370 512 bendi
391 484 534 527 genus,
567 483 648 529 quo
670 483 742 512 eas
765 470 1027 529 expresserit,
1060 481 1310 531 spectamuS,
1354 471 1479 517 laude
1521 471 1584 518 di·

246 554 375 598 gnum
391 503 588 582 ”efficiunt
619 538 877 599 scriptorem.
937 538 1101 585 Verum
1123 541 1233 585 enim
1253 558 1352 587 vero
1372 558 1585 604 magnum,

245 608 549 664 admirabilem,
581 607 796 653 altissimis
828 619 990 655 tantum
1022 590 1207 656 omnium
1239 609 1422 658 aetatum
1460 624 1585 677 atque

246 679 462 724 nationum
482 679 661 739 ingeniis
694 681 1025 740 comparandum
1056 697 1102 726 se
1132 683 1254 727 nobis
1275 684 1450 746 praehet
1468 684 1584 729 miri-

245 751 324 794 fica
361 748 436 794 illa
475 750 887 811 compositionis
926 762 1051 807 arte,
1090 769 1172 814 qua
1214 754 1251 799 si
1290 771 1376 799 non
1414 755 1584 801 cunctos

245 820 415 865 omnino
447 831 490 864 at
519 818 739 865 Romanos
770 831 879 866 certe
911 837 1057 867 omnes
1088 824 1304 884 praecellit
1342 841 1481 870 rerum
1510 839 1585 870 au-

244 897 446 942 ctores1).
506 888 704 952 Namque
746 891 782 935 si
813 892 848 935 is
881 893 961 937 arti
992 893 1085 938 finis
1125 904 1189 939 est
1233 895 1498 958 propositm,
1540 905 1588 940 ut

244 959 410 1022 singula
460 971 648 1022 quaeque
686 961 732 1006 in
771 980 900 1007 unum
941 964 1066 1025 quasi
1102 981 1256 1027 corpus
1296 965 1455 1011 artibus
1496 963 1585 1010 suis

242 1032 462 1077 commode
499 1031 752 1093 pulchreque
790 1050 1034 1095 expressum
1065 1035 1276 1097 fcolligens
1316 1046 1441 1098 atque
1469 1052 1584 1083 com-

241 1119 404 1165 ponens
444 1102 555 1146 vitae
590 1101 723 1163 ipsius
763 1119 849 1149 non
888 1105 1114 1166 imaginem
1152 1106 1288 1153 solum
1327 1107 1402 1151 sed
1435 1105 1586 1152 faciem
1648 1152 1652 1155 ,

240 1172 465 1235 exprimat,
503 1175 547 1219 in
584 1191 719 1237 eaque
757 1187 927 1222 certam*
951 1175 1181 1238 finibusque
1211 1177 1297 1221 suis
1329 1176 1587 1222 circumseri..

242 1255 359 1304 ptam
390 1244 565 1290 actionis
598 1247 815 1307 cujusdam
846 1264 940 1292 cum
970 1246 1151 1291 formam
1182 1257 1270 1291 tum
1299 1245 1485 1293 indolem
1515 1264 1585 1293 ex-

240 1313 394 1370 hibeat,
426 1317 600 1361 summis
631 1316 743 1362 haud
774 1318 897 1362 dubie
931 1317 1106 1362 Tacitus
1138 1317 1366 1363 artificibus
1407 1329 1472 1364 est
1507 1319 1583 1363 ad-

238 1387 535 1432 numerandus.
595 1387 781 1433 Annales
823 1390 915 1449 ejus
961 1384 1243 1449 historiasque
1282 1387 1467 1450 legentes
1513 1388 1586 1434 ubi

242 1472 346 1517 quae
379 1456 528 1517 singuli
558 1458 730 1503 meliore
762 1475 867 1504 aevo
900 1459 1017 1520 digni
1048 1470 1252 1504 conantur
1281 1470 1427 1505 contra
1465 1460 1582 1522 prin-

238 1527 378 1588 cipum
400 1527 619 1573 saevitiam
648 1545 895 1591 morumque
927 1545 1192 1574 communem
1213 1530 1503 1597 corruptelam,
1525 1530 1583 1575 ad

238 1597 398 1642 irritum
429 1598 578 1643 cadere
609 1600 818 1655 videmus,
859 1599 985 1644 simul
1021 1611 1162 1645 tamen
1195 1602 1279 1646 sub.
1301 1592 1426 1646 malis
1457 1601 1595 1646 etiam·

238 1657 498 1730 principibus
536 1669 673 1714 bonos
714 1670 925 1732 fortesque
962 1670 1073 1716 viros
1115 1687 1210 1716 esse
1252 1687 1378 1734 posse
1422 1670 1582 1734 perspi-

332 1834 467 1869 iisdem
500 1835 641 1880 verbis,
677 1836 745 1871 sed
779 1849 893 1884 quam
925 1838 967 1874 ἰη
990 1836 1169 1882 formam
1190 1836 1342 1883 suerint
1386 1844 1580 1886 concepta,

329 1894 408 1936 ejus
437 1907 609 1929 summam
641 1895 852 1930 tradiderit.
877 1915 925 1922 —
973 1899 1053 1931 Nec
1084 1897 1162 1942 ipse
1192 1897 1369 1934 rationem
1400 1907 1506 1932 suam
1538 1898 1581 1933 in

329 1953 391 1987 his
415 1952 613 1988 tradendis
639 1953 847 1988 dissimulat
854 1968 867 1993 ,-
893 1953 946 1999 qs.
963 1955 1057 1989 haec
1081 1954 1247 2002 taliaque
1272 1959 1306 1998 2,
1332 1960 1399 1992 38:
1425 1954 1483 2000 14,
1508 1954 1577 2003 493

331 2016 387 2055 15,
415 2012 481 2054 633
508 2010 624 2047 verba
648 2010 729 2057 ejus
754 2011 797 2046 in
821 2012 926 2047 hunc
950 2012 1107 2046 modum
1131 2012 1235 2048 fuere
1256 2019 1288 2059 1,
1314 2018 1373 2052 58.
1398 2014 1447 2050 ad
1471 2015 1578 2052 hunc

326 2070 535 2114 modum2,
560 2072 619 2109 37.
647 2074 712 2114 71,
736 2075 771 2116 3,
793 2068 852 2111 49.
879 2074 946 2116 52,
971 2068 1006 2113 4,
1032 2069 1098 2116 343
1123 2061 1156 2113 6,
1184 2077 1224 2118 83
1248 2070 1305 2117 34,
1335 2072 1401 2118 433
1427 2073 1581 2111 hisser-

328 2141 390 2164 me
413 2128 542 2165 verbis
566 2140 656 2164 usus
682 2135 738 2164 est
772 2134 806 2173 2,
840 2128 1164 2174 383h11jusmodi
1190 2137 1281 2166 orat.
1300 2130 1435 2168 habuit
1457 2131 1492 2178 4,
1517 2137 1577 2180 373

328 2188 426 2223 Nero
451 2187 505 2223 sic
529 2187 646 2222 ferme
670 2179 884 2234 respondit
892 2186 947 2231 14,
975 2192 1020 2225 55
1047 2196 1114 2225 cet.
1118 2190 1143 2210 “
1168 2190 1437 2227 Wachsmuth.
1451 2192 1579 2228 anim-

329 2247 494 2283 adveimss
530 2246 572 2282 in
604 2245 726 2281 Taciti
762 2245 849 2281 hist.
883 2247 1021 2294 exped.
1055 2248 1267 2284 Germanici
1290 2249 1333 2286 in.
1358 2252 1484 2287 Germ.
1507 2251 1579 2288 Ki-

327 2305 404 2340 liae
431 2310 534 2341 1821.

262 2374 294 2421 ¹)
320 2375 483 2411 Brevius
513 2387 593 2410 rem
632 2375 807 2411 omnium
844 2387 942 2424 quae
980 2377 1058 2413 huc
1091 2378 1283 2425 pertinent
1313 2379 1576 2429 gravissimam

327 2441 546 2477 tractamus,
579 2446 668 2470 cum
699 2434 760 2470 vir
792 2434 890 2471 inter
923 2436 1171 2482 paucissimos
1195 2437 1349 2486 ingenio
1373 2439 1576 2490 studioque

328 2493 563 2540 compositus
596 2493 643 2528 ad
678 2493 849 2529 Taciteae
880 2493 968 2530 artis
999 2494 1167 2530 indolem
1208 2497 1358 2544 penitus
1391 2497 1574 2547 introspi-

327 2553 504 2588 ciendam
528 2551 674 2600 egregie
699 2564 852 2598 prorsus
877 2553 950 2588 hoc
975 2565 1132 2590 munere
1155 2555 1307 2592 functus
1323 2556 1383 2592 sit.
1431 2557 1573 2595 Silvar-

326 2612 383 2647 nii
408 2611 494 2647 dico
519 2610 662 2646 librum
690 2611 839 2658 saepius
863 2611 942 2657 jam
965 2613 1177 2659 laudatum,
1207 2626 1324 2664 quem
1347 2621 1392 2651 ut
1413 2627 1492 2652 non
1514 2617 1571 2651 le-

326 2676 416 2717 gant
439 2672 578 2713 solum,
605 2670 670 2705 sed
693 2670 910 2717 perdiscant
932 2671 1057 2716 etiam,
1084 2685 1213 2710 omnes
1237 2674 1362 2710 Taciti
1387 2679 1570 2711 amatores

324 2729 492 2765 monitos
518 2730 621 2766 volo.
