1702 2982
406 189 704 242 Perniciabilis
734 224 793 234 —-
823 194 1108 262 Perrumpere
1351 211 1437 256 355

75 302 133 340 ad·
156 316 248 342 eum
271 300 504 356 perveniunt
528 317 796 348 commeantes.
853 312 911 350 Cf.
928 324 1115 363 meare,
1150 327 1451 370 commeare„

74 373 307 415 remeare<
372 379 379 391 =
421 361 423 363 ¹
536 363 538 368 ’
1436 371 1446 380 ’

169 425 519 463 ΡΕΒΝΙῦΙΑΒΙωὸ
541 433 694 474 praeter
719 428 892 466 Curtium
918 434 954 477 7,
976 437 999 470 3
1025 445 1088 480 ap.
1110 445 1235 471 unum
1259 438 1438 476 Tacitum

73 479 233 528 legitur3
265 485 485 529 pernicialis
517 485 636 521 etiam
672 483 808 525 Livius
835 489 964 526 habet.
1013 493 1118 528 Ann.
1138 491 1174 537 4,
1198 491 1247 531 34
1283 495 1326 531 id
1346 509 1438 543 per-

70 538 256 575 niciabile
279 553 353 579 reo.
403 543 502 580 Vide
525 545 719 581 Drakenb.
735 536 802 583 kad
825 548 910 586 Liv.
925 553 984 593 27,
998 554 1056 594 23,
1072 551 1107 588 6.

161 598 345 635 PERNIX
370 608 407 638 et
432 605 720 641 PERNICITAS
750 607 873 654 magis
911 615 1113 655 argenteae
1146 622 1263 659 quam
1298 624 1436 651 aureae

68 654 182 691 aetati
207 656 496 706 frequentantur
520 662 618 698 Hist.
638 669 671 710 2,
699 671 742 703 13
779 668 923 714 pernix
951 679 1072 713 genus
1108 674 1143 703 et
1176 673 1294 717 gnari
1331 673 1434 709 loco-

67 725 154 749 rum
162 730 176 759 ;
200 720 236 761 3,
250 714 298 753 40
317 720 539 764 pernicibus
563 725 720 760 nuntiis.
746 744 794 751 ——
841 725 947 761 Ann.
962 731 1001 774 2,
1013 727 1058 764 68
1084 739 1181 763 mox
1207 732 1434 776 pernicitate

67 774 156 819 equi
179 774 234 809 ad
268 787 419 814 amnem
451 783 663 827 Pyramum
698 783 891 820 contendit
901 798 915 826 ,-
946 783 983 831 4,
1006 783 1053 823 45
1081 789 1310 832 pernicitate
1337 803 1433 837 pro-

56 829 206 879 fugus;
252 834 352 871 Hist.
372 842 404 881 1,
423 840 468 878 79
504 838 687 888 adempta
726 854 907 890 equorum
943 845 1167 892 pernicitate
1176 860 1190 888 ,·
1232 849 1360 885 Germ.
1383 847 1433 887 46

63 890 206 936 pedum
230 904 303 938 usu
327 905 377 930 ac
400 899 624 942 pernicitate
648 901 835 948 gaudent,
863 913 962 951 quae
990 915 1082 940 vera
1112 911 1169 940 est
1191 906 1320 954 lectio,
1350 920 1431 944 non

57 948 244 994 peditum.
295 952 351 989 cf.
365 954 453 992 Liv.
467 961 524 1002 22,
538 963 586 999 59
608 960 689 993 nisi
706 962 950 1006 pernicitatis
974 963 1116 1010 pedum
1136 971 1173 1000 et
1197 976 1332 1001 cursus
1353 968 1432 1002 ali-

62 1008 167 1055 quod
189 1014 405 1056 praemium
442 1022 510 1054 est.
557 1017 736 1070 Doederl.
769 1020 918 1066 Synon.
939 1025 975 1057 2.
1002 1034 1042 1070 p.
1066 1022 1136 1061 126
1167 1035 1190 1058 a
1222 1026 1293 1061 niti
1327 1025 1431 1064 deri-

61 1073 128 1104 vat
149 1068 191 1104 h.
205 1080 244 1105 v.
683 1071 687 1077 ‘
1062 1111 1065 1116 .

157 1129 532 1169 PERNOTESCERE
565 1134 768 1183 (Quintil.)
800 1139 905 1174 Ann-
936 1145 969 1185 1,
997 1142 1045 1177 23
1078 1141 1430 1190 ni-pernotuisset3

62 1189 120 1230 13,
137 1190 185 1224 25
209 1187 276 1224 ubi
299 1193 498 1228 Gaesarem
522 1205 600 1229 esse
624 1197 692 1242 qui
718 1203 965 1244 grassaretur
991 1201 1185 1245 pernotuit
1192 1215 1206 1245 ;
1233 1199 1290 1246 14,
1309 1207 1331 1240 8
1362 1204 1429 1241 ubi

64 1245 295 1284 incolumem
320 1261 399 1285 esse
417 1254 620 1298 pernotuit.

153 1306 406 1344 PERORARE
431 1313 549 1359 vulgo
573 1311 688 1348 finem
712 1313 912 1361 imponere
937 1314 1114 1360 orationi,
1140 1316 1208 1353 sed
1242 1318 1428 1357 Cicerone

0 1358 1 1377 ³
58 1371 263 1409 praeeunte
289 1368 469 1413 (causam
488 1372 687 1419 perorare)
713 1379 770 1409 est
793 1373 907 1410 etiam
932 1385 1022 1410 cum
1059 1374 1277 1414 intentione
1302 1378 1426 1416 animi

57 1421 242 1472 vocisque
277 1437 395 1470 orare,
429 1427 568 1472 dicere,
593 1430 765 1467 maxime
790 1443 869 1480 arg.
896 1439 1016 1469 aetate
1049 1434 1157 1469 Ann-
1171 1439 1206 1479 2,
1221 1441 1269 1474 30
1302 1444 1427 1473 certa-

58 1479 165 1526 bant,
192 1485 254 1518 cui
273 1483 339 1528 jus
359 1470 568 1532 perorandi
576 1504 590 1532 ,-
616 1493 710 1535 3,17
736 1502 825 1527 cum
850 1499 1093 1528 accusatores
1125 1500 1160 1528 et
1193 1502 1304 1531 testes
1339 1508 1426 1533 cer-

56 1541 168 1576 latim
190 1550 415 1588 perorarent
440 1542 492 1589 (4,
506 1550 552 1583 28
577 1548 718 1586 rectius
741 1550 882 1600 legitur
906 1559 1039 1595 orante
1060 1550 1173 1598 filio,·
1205 1553 1296 1591 vide
1320 1566 1425 1591 ora-

55 1600 151 1647 re);
175 1600 274 1638 Plin.
298 1603 349 1639 H.
363 1604 409 1639 N.
433 1609 493 1649 29,
511 1611 530 1643 1
557 1607 664 1644 rabie
696 1611 869 1657 quadam
903 1613 945 1647 in
976 1623 1105 1647 omnes
1138 1615 1223 1649 aevi
1252 1614 1424 1651 medicos

55 1671 252 1709 perorans.

149 1719 437 1758 PERORNARE
473 1724 580 1761 Ann.
613 1727 669 1771 16,
696 1728 745 1766 26
792 1731 943 1765 senatui
990 1741 1099 1777 quem
1141 1733 1423 1778 perornavisset

55 1777 272 1826 (Thrasea),
298 1779 505 1827 infamiam
531 1788 633 1821 tanti
652 1786 785 1835 flagiti
811 1788 1038 1825 detraheret.
1096 1789 1302 1836 Adiectivo
1334 1804 1423 1839 ρας

55 1843 213 1871 ornatus
238 1836 266 1872 i.
280 1850 314 1874 e.
340 1840 454 1876 valde
489 1851 642 1880 ornatus
676 1846 808 1882 Cicero
841 1849 961 1884 semel
996 1859 1090 1884 usus
1123 1855 1190 1885 est.
1246 1849 1422 1887 Verbum

53 1892 153 1930 inter
178 1895 323 1942 priores
349 1898 507 1947 quidem
534 1909 571 1938 et
596 1915 674 1953 arg.
701 1911 775 1941 aet.
801 1907 1006 1955 scriptores
1029 1912 1155 1944 nemo'
1170 1914 1320 1955 praeter
1340 1911 1422 1945 Ta-

53 1952 174 1992 citum
197 1956 410 2002 usurpavit.
507 1994 509 1997 ,

147 2014 451 2052 PERPELLERE
476 2019 567 2055 vide
593 2020 785 2059 infinit.

146 2074 475 2111 PERPOPULARI
502 2079 622 2125 (Liv.)
648 2082 753 2118 Ann.
779 2080 837 2126 14,
855 2084 903 2120 26
941 2096 1034 2132 quos
1067 2083 1176 2120 nobis
1208 2083 1254 2134 ob
1292 2098 1418 2134 regem

52 2142 206 2166 aversos
242 2133 385 2168 animis
421 2146 648 2184 cognoverat
658 2143 677 2184 ,¹
709 2142 889 2179 caedibus
926 2151 961 2179 et
1001 2143 1190 2179 incendiis
1224 2155 1419 2193 perpopu-

52 2190 164 2226 latus.

144 2251 435 2292 PERROGARE
457 2254 483 2290 i.
496 2267 529 2292 e.
555 2257 602 2293 ad
627 2270 750 2298 unum
772 2272 911 2297 vomnes
937 2260 1183 2308 interrogare,
1211 2274 1290 2311 qua
1315 2263 1415 2310 sign.

51 2304 136 2342 Liv.
162 2308 321 2357 quoqu&
340 2323 431 2349 usus
461 2321 516 2350 est
540 2314 579 2353 h.
594 2328 631 2353 v.
657 2318 754 2354 Hist.
766 2316 802 2363 4,
822 2324 846 2360 9
873 2331 961 2355 cum
983 2329 1233 2368 perrogarent
1264 2329 1416 2358 senten-

51 2365 126 2399 tias
151 2370 332 2404 consules.
382 2372 500 2420 Apud
526 2376 655 2412 Valer.
681 2379 785 2414 Max.
811 2390 1018 2426 perrogare
1045 2380 1165 2427 legem
1190 2386 1248 2416 est
1271 2380 1326 2416 ita
1349 2392 1415 2416 ro-

53 2434 142 2471 gare
165 2431 213 2460 ut·
233 2428 454 2473 perferatur.

147 2484 460 2525 PERRUMPERE
489 2492 658 2530 maxime
683 2495 817 2531 Tacito
843 2496 937 2545 freq.
955 2497 1059 2531 Ann.
1077 2503 1110 2543 1,
1127 2502 1170 2535 51
1187 2505 1412 2545 perruptum

50 2540 216 2585 hostem;
239 2541 334 2588 4,51
359 2551 595 2586 munimenta
620 2573 669 2580 -—
692 2563 895 2602 perrupta5
922 2555 1020 2590 Hist.
1044 2560 1078 2598 2,
1102 2554 1149 2593 44
1174 2556 1302 2591 media
1328 2558 1413 2591 acie

49 2609 250 2649 pe¹7·upta;
274 2609 307 2646 3,
325 2609 347 2641 2
374 2607 472 2642 duae
511 2612 598 2646 alae
628 2626 830 2660 perrupere
861 2615 1022 2658 leostem3
1048 2615 1151 2649 Anu.
1168 2619 1225 2657 12,
1245 2615 1292 2652 56
1322 2627 1412 2661 per-
1443 2634 1446 2638 ²

50 2667 159 2706 rupto
176 2668 301 2696 monte
309 2678 321 2704 ;
349 2668 435 2710 15,7
461 2667 584 2704 hostia
599 2672 803 2718 semifacta
819 2685 932 2720 opera
943 2672 1053 2720 sagei
1068 2674 1264 2719 perrupi&
1289 2683 1348 2718 CP-
1361 2671 1409 2709 43

49 2720 228 2765 quoniam
255 2725 454 2769 angustiae
477 2730 653 2767 itinerum
678 2738 712 2767 et
738 2733 900 2769 altitudo
924 2738 1109 2769 tectorum
1141 2743 1218 2766 non
1250 2731 1409 2777 perinde

1042 2792 1074 2825 Z
1099 2795 1122 2827 2
