1702 2982
1046 54 1068 69 N

131 197 185 245 de
206 197 354 243 ceteris
374 195 517 244 Taciti
537 197 581 244 in
602 199 898 260 componenda
919 197 1018 244 hist.
1041 199 1279 247 virtutibus.
1313 212 1460 249 XXXII!

821 276 824 277 ⁷
1234 276 1245 299 Ι

97 323 158 361 ea
186 315 353 362 notari
369 310 515 377 posse
545 314 778 377 dfffluens,
810 317 928 362 nihil
952 319 1109 372 inane,
1149 318 1269 365 nihil
1293 321 1459 366 redun-

97 387 242 448 dans.-
270 386 463 447 singulis·
484 402 628 447 saepe
650 387 799 431 verbis
820 388 1030 448 singulas
1061 391 1320 436 sententias
1353 407 1459 437 con-

97 457 281 503 tineri.“
336 458 424 505 Sed
463 458 516 507 de
547 457 614 503 his
648 458 819 520 quidem
850 459 962 504 satis»
987 458 1055 506 hic
1086 460 1244 505 dictum
1266 479 1359 508 esse
1382 481 1458 525 pu-

94 540 248 586 tamuS,
279 527 364 574 alio
394 528 490 574 loco
520 526 656 574 fusius
685 530 1006 593 accuratiusque
1038 533 1317 593 exponendis
1365 535 1457 580 Ve-

33 607 47 659 ]
92 618 187 646 rum
217 610 263 645 ut
291 616 344 646 ea
373 599 665 656 refutavimus,
699 601 850 663 quibus
876 601 1020 648 Taciti
1049 602 1178 648 fidem
1208 619 1457 667 morumque
1501 629 1508 662 f

51 708 53 711 .
93 670 408 738 simplieitatem
445 671 644 717 nonnulli
680 671 725 716 in
765 672 941 718 dubium
979 690 1134 719 vocare
1167 673 1308 720 conati
1349 688 1459 734 sunt,

90 742 170 800 ita,
211 744 462 806 priusquam
503 744 556 788 de
594 741 693 787 stilo
732 745 821 805 ejus
853 744 1075 791 disserturi
1106 746 1161 791 ad
1191 746 1332 809 ipsum
1363 765 1455 793 sus-

91 813 204 877 cepti
233 814 375 877 operis
395 814 674 879 >propos-itum
704 816 978 873 accedamus,
1018 817 1072 861 de
1107 817 1161 862 iis
1201 833 1340 880 pauca
1379 820 1460 865 ad·

3 911 8 918 .
63 938 66 944 Ι
91 885 232 930 denda
261 902 358 931 esse
388 886 599 941 videntur,
633 886 688 931 ob
718 902 825 949 quae
856 904 1151 934 sermonem
1174 889 1457 937 Taciteum

89 955 242 1002 multi
271 956 762 1020 reprehendendum
795 972 1122 1006 censuerunt.
1368 976 1370 979 ·

205 1027 370 1084 „Vi'tza
406 1029 466 1073 ab
504 1029 590 1073 illa
631 1036 792 1074 aetate
831 1029 878 1074 ei
912 1032 1139 1091 adspersa
1170 1041 1295 1090 sunt,
1336 1051 1457 1097 quae

89 1099 224 1160 longe
253 1092 510 1145 desciverat
536 1107 636 1145 tam
667 1117 699 1146 a
731 1108 975 1147 venustate
1006 1103 1244 1164 cogitandi
1269 1121 1406 1167 quam
1425 1124 1457 1151 a

91 1185 196 1214 vera
242 1177 290 1215 et
337 1171 574 1232 exquiszta
622 1172 840 1234 loquendi
878 1173 976 1233 lege
1023 1181 1071 1219 et
1112 1175 1315 1221 ratione·
1366 1193 1453 1238 quo

87 1240 231 1302 refero
271 1242 413 1299 artis,
461 1238 727 1298 doctrinae,
766 1244 939 1305 ingenii
971 1252 1018 1290 et
1057 1246 1346 1308 eloquentiae
1383 1264 1455 1292 os-

39 1331 40 1334 *
87 1311 412 1370 tentationem,
447 1328 615 1358 vanum
651 1322 890 1372 ornatum,
933 1315 1316 1373 archae-smmum,
1374 1336 1453 1379 gu-
1519 1318 1523 1322 ’

0 1389 3 1399 “
52 1400 270 1440 ,rarum‚
317 1384 684 1442 idiotismorum‚
737 1394 784 1431 et
823 1388 1135 1447 poeticarum*
1160 1405 1454 1449 graecarum—

85 1471 174 1516 que
215 1454 467 1500 dictionum
491 1456 830 1518 frequentiam,
875 1486 934 1491 -—
986 1459 1239 1519 abruptum
1280 1477 1454 1507 sermo-

87 1526 161 1571 nis'
198 1543 366 1586 genus,
422 1528 668 1589 adfectata
711 1531 1095 1575 sententiolarum
1148 1533 1366 1577 acumina
1408 1541 1454 1578 et

89 1597 313 1657 argutias,
345 1598 725 1660 inaequalitatem
756 1599 1002 1657 orationis,
1047 1602 1197 1663 lusum
1232 1605 1452 1650 recentio-

87 1684 267 1729 remque
298 1676 382 1713 aut
402 1669 678 1715 inusitatam
699 1672 1093 1732 significationem,
1128 1676 1464 1735 transpositio-v

87 1755 192 1784 nem
234 1747 370 1801 atque
413 1742 756 1800 copulationem
799 1743 1068 1800 verborum,
1111 1743 1454 1792 insolentiorem

88 1817 348 1870 temporum
384 1813 714 1874 modorumque
752 1830 906 1870 usum,
932 1822 1000 1860 -et
1019 1823 1304 1876 perpetuam
1346 1835 1451 1864 con-

85 1881 357 1926 structionis
396 1883 445 1927 in
483 1884 674 1945 singulis·
706 1885 927 1930 membris
963 1887 1180 1931 variandi
1196 1894 1450 1934 'consuetu-

86 1952 250 2008 dinem,
269 1954 491 2015 antiquae
506 1955 772 2017 meliorique
790 1957 947 2001 aetati
956 1957 1087 2002 haud
1091 1959 1352 2019 probatam
1364 1967 1452 2015 1).“

88 2023 217 2083 Quae
256 2025 403 2071 omnia
440 2025 486 2071 in
521 2026 655 2072 alium
683 2027 826 2090 potius
860 2028 1091 2090 quemlibet
1122 2042 1347 2092 argenteae
1379 2050 1448 2078 ae-

83 2095 183 2140 tatis
226 2096 478 2159 scriptorem
514 2114 644 2160 quam
688 2099 735 2143 in
773 2098 972 2146 Tacitum
1004 2101 1153 2147 cadere
1186 2103 1316 2160 dicet,
1357 2106 1448 2166 qui-

85 2183 249 2228 cunque
286 2169 404 2213 omni
439 2169 549 2214 liber
585 2171 770 2232 partium
811 2172 953 2217 studio
994 2191 1088 2218 cum
1124 2174 1216 2218 istis
1255 2186 1448 2221 nostrum

85 2238 362 2295 contenderit,
399 2239 607 2302 siquidem
638 2258 817 2305 pravum
847 2261 1178 2308 perversumque
1208 2244 1360 2291 harum
1381 2266 1446 2293 re-

114 2393 151 2441 ¹)
175 2394 335 2443 Ruperti
366 2394 408 2437 in
430 2398 592 2444 Prooem
626 2398 675 2434 a'd
710 2401 757 2434 T.
782 2399 926 2436 Annal.
963 2400 1020 2437 Cf.
1072 2402 1134 2437 On
1157 2399 1225 2438 the
1250 2399 1448 2440 character

178 2454 254 2489 and
279 2457 418 2492 talents
445 2455 489 2492 of
509 2467 559 2492 an
583 2459 869 2506 accomplished
895 2459 1105 2504 Historian,
1132 2460 1232 2496 with
1257 2474 1307 2497 an
1318 2464 1447 2510 appli-

179 2513 309 2550 cation
333 2520 372 2550 to
396 2515 462 2552 the
486 2516 661 2565 writings
687 2519 731 2554 of
750 2519 926 2565 Tacitus3
953 2519 1008 2566 by
1031 2520 1135 2554 John
1161 2518 1263 2566 Hi113
1290 2519 1332 2557 in
1356 2522 1448 2557 Phi-

177 2573 396 2620 losophical
424 2575 506 2611 and
533 2576 734 2613 historioal
767 2579 1027 2616 transactions
1059 2579 1102 2616 of
1129 2580 1195 2615 the
1229 2583 1352 2628 Royal
1377 2582 1449 2617 So—

178 2630 283 2678 ciety
311 2633 353 2668 of
372 2633 599 2685 Edinburgh
623 2638 714 2674 Vol.
740 2623 768 2681 Ι,
795 2635 831 2676 4.
859 2645 897 2674 et
924 2645 1057 2674 contra
1082 2650 1127 2674 ea
1151 2639 1275 2675 Taciti
1301 2653 1445 2676 sermo-

176 2702 269 2727 nem
301 2691 548 2731 defendentes
581 2695 868 2735 observationes
894 2697 1045 2735 criticae
1070 2698 1117 2734 de
1144 2699 1186 2736 C
1214 2690 1324 2735 Corn.
1351 2702 1442 2736 Tac

178 2750 265 2787 stilo
292 2759 391 2788 auct.
417 2754 545 2791 Bthe
571 2756 884 2798 Brunsw.1817.

126 2813 252 2844 Lexic.
271 2815 462 2847 Taciteum.
1135 2827 1160 2859 3
