1702 2982
314 151 456 188 LXLVI
784 142 1195 221 'prolegomena

754 219 777 250 t

315 260 461 306 Taciti
487 260 534 306 in
562 261 866 308 conscfibenda
884 261 1062 308 historia
1080 261 1299 313 virtutibus
1318 260 1494 322 egimus·
1551 262 1659 308 Sunt

314 348 416 377 vero
446 331 600 387 multa,
643 348 750 394 quae
787 334 844 378 ad
880 343 1112 378 ceterorum
1151 332 1404 395 scriptorum
1442 331 1658 394 quandam

315 402 631 448 similitudinem
671 402 816 448 referri
855 414 1057 466 possunt,
1098 414 1225 467 atque
1257 404 1318 450 ita
1352 401 1660 466 expositionem

316 473 452 536 qualis
474 483 574 535 apta
594 482 658 517 est
677 472 771 519 huic
791 473 886 518 loco
909 474 1144 519 admittunt.

433 542 629 588 Tacitum
657 559 744 588 non
771 545 912 591 dedita
933 559 1064 607 opera
1084 563 1177 590 cum
1195 544 1492 591 hexametro
1513 545 1659 591 Anna-

316 615 378 660 les
407 630 507 658 suos
539 611 728 676 coepisse
766 614 938 659 Urbem
971 615 1175 669 Romam
1210 631 1242 659 a
1267 614 1493 677 principio
1529 629 1661 674 reges

316 685 537 741 habuere,
573 700 661 728 non
680 684 817 729 minus
839 701 940 730 sane
962 695 1146 742 constat,
1183 702 1310 748 quam
1344 695 1440 730 ante
1460 686 1663 746 eumsjam

316 755 487 801 Livium
531 755 585 800 ab
625 754 855 800 hexametri
890 755 1063 800 exordio
1105 756 1156 801 de
1188 755 1397 804 industn‘a
1428 754 1662 817 inchoasse

316 825 622 889 praefationem
649 827 705 871 ad
734 826 1002 871 historiarum
1033 827 1166 872 libros
1194 825 1275 871 viri
1302 825 1414 872 docti
1440 832 1666 886 negarunt.x

318 898 380 942 Et
399 897 453 942 ad
470 896 594 957 hujus
618 897 786 958 quidem
807 897 936 942 verba
967 898 1266 942 Facturasne
1285 912 1452 959 operae
1464 895 1669 956 pretium,

318 969 406 1012 sim
443 984 470 1012 a
508 966 858 1013 Drakenborchio
900 969 1104 1013 adnotata
1143 986 1238 1014 cum
1273 967 1431 1030 optime
1465 965 1663 1012 refellant

319 1039 487 1101 ineptas
511 1038 774 1121 q‘uorundam
795 1039 1031 1100 opinioneS,
1069 1038 1270 1084 Tacitum
1290 1037 1663 1099 ejusmodivversus

318 1125 371 1153 ex
390 1108 496 1171 ipsis
517 1109 653 1170 poetis
675 1109 1004 1172 deprompsisse,
1047 1109 1114 1156 hic
1134 1109 1392 1166 referantur,
1415 1108 1664 1172 praesertim

319 1197 414 1225 cum
439 1196 579 1235 nemo,
622 1181 734 1242 quod
764 1181 909 1235 sciam,
948 1192 1033 1226 tam
1061 1191 1249 1227 accurate
1269 1197 1320 1226 ac
1340 1190 1459 1225 tanta
1477 1196 1572 1225 cum
1590 1178 1665 1223 do-

321 1250 455 1295 ctrina
484 1249 593 1296 hanc
632 1268 722 1296 rem
757 1253 1008 1297 tractaverit.
1067 1252 1255 1308 „Cicero
1289 1251 1460 1313 quidem
1494 1243 1666 1312 scripsit

319 1322 364 1366 in
402 1320 529 1365 Orat.
563 1338 655 1384 cap.
684 1323 740 1366 56
783 1323 991 1370 Incidere
1028 1339 1132 1366 vero
1177 1338 1333 1366 omnes
1369 1336 1583 1366 numeros
1618 1319 1667 1365 in

280 1394 282 1396 ’
322 1391 589 1446 orationem,
633 1393 769 1436 etiam
796 1409 858 1438 ex·
886 1394 972 1438 ἧσε
1001 1393 1196 1454 intelligi
1216 1399 1387 1454 potest,
1427 1392 1553 1453 quod
1572 1406 1667 1435 ver-

321 1478 402 1506 sas
439 1478 580 1523 saepe
613 1463 661 1507 in
697 1464 910 1509 oratione
938 1480 1028 1523 per
1062 1463 1418 1523 imprudentiam
1452 1462 1669 1514 dicimus.-
1700 1495 1702 1497 —

320 1534 446 1594 qaod
465 1533 748 1579 vehementer
774 1542 846 1579 est
868 1535 1098 1579 vitiosum:
1138 1535 1225 1579 sed
1247 1527 1667 1588 non'adtendimus,

322 1619 466 1664 neque
501 1605 775 1649 exaudimus
810 1613 989 1650 nosmet
1023 1606 1166 1667 ipsos.
1225 1605 1447 1651 Senarios
1488 1610 1587 1650 vero
1625 1610 1670 1649 et

320 1674 668 1735 Hipponacteos
691 1675 897 1736 effugere
921 1677 998 1720 oia·
1013 1692 1276 1738 possumus.
1307 1675 1532 1736 Magnam
1552 1674 1674 1719 enim.

319 1752 506 1807 partem
529 1761 591 1790 ex
610 1746 795 1790 Jambis
817 1754 981 1792 nostra
1003 1754 1187 1791 constat
1208 1746 1373 1802 oratio,
1409 1746 1496 1790 sed
1512 1753 1670 1790 tamen

322 1832 401 1860 eos
427 1832 584 1860 versas
597 1817 756 1877 facile
778 1818 990 1878 agnoscit
1019 1818 1221 1872 auditor,
1256 1823 1371 1881 sant
1387 1817 1505 1862 enim
1526 1815 1666 1862 usita-

323 1886 501 1930 tissimi.
540 1887 835 1932 Inculcamus
854 1896 1010 1933 autem
1035 1904 1124 1948 per
1142 1887 1500 1948 ,imprudentiam
1528 1891 1672 1945 saepe

323 1956 462 2001 etiam
496 1955 643 1999 minus
680 1957 890 2013 usitatos,
928 1959 1014 2002 sed
1045 1965 1200 2001 tamen
1239 1973 1424 2019 versus3
1461 1957 1672 2001 vitiosum

321 2026 485 2086 genus,
517 2032 564 2070 et
596 2027 734 2086 longa
769 2029 913 2072 animi
934 2027 1201 2089 provisione
1218 2027 1522 2089 fugiendam-2
1574 2027 1670 2072 Oh-

325 2096 579 2140 servandum
622 2107 776 2154 tamen,
813 2098 1063 2160 ‘hujusmodi
1097 2115 1256 2153 versus,
1298 2099 1428 2143 modo
1467 2098 1670 2160 integros,

326 2167 455 2211 modo
477 2167 733 2224 dimidiatos,
764 2168 1084 2230 inprudentibus
1105 2169 1306 2214 orationis
1327 2170 1547 2231 prosaicae
1567 2161 1669 2237 scri-x

326 2237 533 2299 ptoribuS,
575 2238 706 2282 etiam
744 2240 815 2302 qui
846 2239 1165 2301 diligentissime
1202 2239 1300 2284 stilo
1332 2255 1507 2303 operam
1542 2230 1669 2284 ded'e'-

327 2319 444 2364 runt,
484 2324 789 2371 nonnunquam
828 2310 1044 2355 excidisse.
1083 2342 1085 2346 Α
1123 2310 1259 2355 Tales
1301 2320 1523 2356 occurrunt
1559 2308 1673 2355 infra

329 2391 371 2436 14,
401 2386 470 2434 57,
491 2388 520 2432 7
549 2379 677 2425 intra
696 2381 885 2426 Moenia
921 2380 1166 2442 compulsis
1205 2397 1289 2426 nec
1324 2379 1672 2442 defendentibus

331 2467 498 2512 agro-5,-
538 2461 608 2506 22,
631 2458 699 2507 50,
726 2456 779 2497 10
797 2452 933 2497 Haec
954 2451 1034 2496 ubi
1057 2452 1184 2495 dicta
1203 2451 1340 2508 dedit,
1376 2450 1559 2511 stringit
1572 2451 1670 2510 gla÷

331 2523 468 2577 diam,
508 2538 736 2584 cuneoque
744 2545 759 2579 3
801 2529 872 2580 23,
897 2528 965 2579 18,
988 2533 1015 2567 2
1035 2523 1198 2582 Moliri
1207 2529 1374 2584 portas
1396 2529 1443 2566 et
1460 2522 1673 2566 claustra

331 2593 598 2654 refringere.
619 2616 755 2639 ——1—
788 2594 913 2640 Duos
943 2594 1160 2657 proximos
1191 2590 1402 2655 suggessit
1430 2590 1499 2638 CI.
1525 2589 1671 2637 Duker

331 2680 417 2720 rus,
457 2663 635 2709 alterum
663 2681 715 2710 ex
739 2666 834 2711 Liv.
863 2677 906 2723 7,
944 2676 1010 2722 13,
1043 2669 1094 2710 11
1143 2666 1209 2711 Ut
1235 2664 1412 2726 signum
1431 2663 1581 2717 daret,
1621 2665 1674 2718 ut

1597 2745 1672 2776 ca·
