1702 2982
468 162 697 247 Reperire
727 189 784 198 —
814 159 1088 233 Rescriptum
1380 162 1466 207 409

117 291 249 322 voces5
271 277 512 323 ef.1.iv.21,
527 283 573 320 33
598 251 828 326 clamoribus
853 275 1029 326 dissonis,
1056 286 1146 322 quos
1170 287 1328 312 nemora
1352 277 1466 312 etiam

117 341 431 386 repercussaeque
452 337 572 373 valles
604 335 807 384 augebant,
841 334 959 370 territi
992 333 1250 380 trepidabant.
1285 334 1466 382 (subst.

122 407 199 446 arg.
220 403 371 432 tantum
394 389 513 431 aetate
545 393 728 438 obvium,
748 399 792 429 ut
831 394 957 428 Germ.
968 396 990 428 3
1025 403 1096 438 quo
1133 393 1278 439 plenior
1310 402 1344 429 et
1372 398 1470 441 gra-

121 457 206 492 vior·
235 466 316 491 vox
336 465 567 502 repercussu
597 440 866 496 intumescat),
906 451 961 486 de
991 451 1100 487 luce
1132 450 1241 498 Virg.
1275 459 1312 488 et
1343 453 1468 498 Ovid„

121 513 235 550 etiam
278 512 325 548 de
356 510 461 559 130Ιὲ,
483 512 581 549 Plin.
614 513 665 547 H.
696 513 742 547 N.
763 515 854 555 5,5;
897 510 931 554 6,
947 514 1016 552 28
1057 509 1113 545 de
1153 521 1276 558 aqua
1315 511 1419 547 Curt.
1413 517 1468 606 ΟΒΡ,

119 576 192 616 9,8
226 569 365 618 (subst.
389 570 445 607 ita
469 571 568 608 Plin.
596 571 646 606 H.
679 572 724 606 Ν
746 570 839 617 2,5;
871 571 966 605 alter
997 567 1045 603 in
1074 567 1194 617 Epist.
1211 569 1380 615 10,69)..

119 632 372 667 resultare.
1391 652 1396 654 -

214 689 444 725 REPERIRE
469 688 570 726 sicut
603 700 778 736 quaerere
811 684 1003 724 interdum
1033 698 1188 734 praegn
1215 679 1313 735 sign‘.
1338 697 1470 734 usurp.

121 747 263 784 'omissa
287 747 450 794 consilii,
480 747 637 783 remedii
659 746 832 783 notione.
881 744 986 783 Ann.
1003 751 1035 789 1,
1049 743 1095 783 64
1126 757 1202 780 ηοη
1235 744 1343 780 aliud
1368 757 1474 792 repe-

121 808 192 852 rit5
225 806 274 842 cf.
291 804 384 853 14,3
411 807 545 842 caedes
569 818 734 854 quonam
759 805 872 841 modo
899 806 1157 842 occultaretur
1180 806 1474 851 nemoy-eperic-

122 859 212 908 'ban
235 862 323 902 Ter.
347 866 470 903 Andr.
489 863 524 909 4,
541 871 573 909 1,
589 866 634 903 60
667 876 804 912 quaero
838 875 892 900 so,
923 863 1152 907 consilium3
1186 874 1225 898 v.
1240 863 1288 900 56
1311 863 1372 898 vel
1394 875 1474 898 me-

120 925 195 960 lius
212 931 293 961 *tute
317 926 441 974 reperi
447 939 461 970 ‚·
484 925 620 959 Heaut.
633 929 668 968 3,
683 927 717 969 2,
732 927 778 960 22
804 921 950 970 aliquid
975 923 1162 970 reperiret,
1186 920 1358 969 fingeret
1386 921 1475 969 fal—

116 983 257 1020 lacios.

215 1042 467 1084 REPERTOR
495 1042 598 1077 Ann.
621 1038 656 1085 4,
679 1043 722 1080 71
758 1051 968 1075 memorare
998 1041 1144 1084 exitus,
1177 1051 1270 1086 quos
1296 1035 1494 1075 Latinius·

122 1107 236 1148 atque
263 1102 398 1149 Opsius
431 1102 614 1147 ceterique
636 1101 783 1148 flagitii
807 1100 886 1143 ejus
910 1105 1113 1149 repertores
1137 1098 1315 1134 habuere.
1362 1099 1476 1134 Haud

121 1170 207 1195 raro
239 1171 283 1195 ea
308 1171 390 1196 vox
425 1171 486 1207 ap.
519 1164 651 1206 poetas
686 1169 767 1193 aur.
803 1157 936 1193 aetatis
974 1163 1013 1193 et
1044 1169 1107 1205 ap.
1140 1157 1266 1193 Taciti
1298 1159 1475 1207 aequales

118 1217 277 1266 legitur3
301 1217 365 1253 sed
392 1229 472 1253 uno
498 1219 677 1265 exemplo
703 1216 816 1253 etiam
842 1228 902 1264 ap.
928 1216 1023 1252 sall.

214 1277 495 1320 REPETITUS,
529 1277 588 1311 US
619 1287 678 1322 ap.
712 1278 840 1311 solum
872 1277 918 1311 T.
955 1275 1096 1324 legitur
1129 1275 1233 1311 Ann.
1252 1273 1307 1321 14,
1322 1276 1366 1313 61
1400 1277 1476 1311 itur-

121 1343 156 1373 et
171 1337 212 1372 in
226 1337 408 1383 principis
425 1334 558 1371 laudes
576 1336 772 1381 repetitum
790 1332 959 1380 (uxoris)
975 1336 1250 1370 venerantium.
1289 1334 1391 1377 Vide
1405 1346 1476 1369 ex·-

121 1395 371 1443 plicationem
410 1395 453 1429 h.
483 1395 511 1428 l.
543 1392 782 1430 vexatissimi
812 1380 865 1426 ¹in
895 1391 1120 1439 genit'ivo
1154 1405 1227 1428 no.
1250 1398 1268 1430 1
1303 1391 1375 1428 sub
1407 1392 1474 1427 fin.

120 1456 237 1491 Deest
268 1455 309 1490 h.
334 1466 374 1490 v.
407 1452 452 1488 in
483 1451 656 1496 Lexicis3
690 1463 815 1500 neque
847 1457 975 1487 tamen
1007 1458 1064 1487 est
1092 1451 1196 1500 quod
1229 1450 1354 1487 obstet
1386 1451 1477 1486 huic

115 1511 447 1559 «interpretationi,
491 1522 581 1546 cum
622 1509 845 1558 praesertim
882 1509 979 1545 aliae
1017 1507 1132 1556 hujus
1177 1507 1326 1559 generis
1361 1520 1477 1546 voces

122 1582 240 1620 quam
272 1570 478 1617 plurimae
491 1568 563 1603 uni
594 1569 729 1605 Tacito
768 1568 978 1616 peculiares
1012 1568 1100 1604 sint.
1140 1568 1189 1604 cf.
1224 1568 1476 1611 advectus,

71 1658 74 1664 .
122 1630 418 1672 aemulatus,
459 1639 698 1672 annexus,
732 1626 1033 1674 dispositus,
1070 1638 1316 1696 eseensus,
1354 1638 1476 1674 pro-

122 1687 280 1732 visus,
306 1688 503 1722 relatus.

219 1746 469 1781 REPONERE
505 1745 545 1791 1)
577 1745 604 1781 i.
631 1757 669 1794 q.
705 1755 886 1792 ponere
919 1743 1030 1791 (Cim,
1064 1744 1135 1792 al.)
1167 1746 1292 1780 Germ.
1306 1751 1352 1783 30
1390 1746 1479 1793 plus

124 1816 298 1851 reponere
333 1806 373 1839 ἱη
411 1804 508 1840 duce
547 1816 662 1851 quam
698 1805 738 1838 in
775 1805 963 1847 exercitu5
1000 1805 1048 1848 2)
1084 1802 1112 1838 i.
1145 1816 1182 1852 q.
1222 1816 1476 1851 seponere,

125 1862 331 1898 condere
362 1862 466 1907 (Cic.
502 1861 662 1898 exhibet
678 1859 922 1897 condet-exet
953 1870 1130 1908 reponere
1151 1861 1341 1908 fructus)
1376 1862 1476 1898 Hist.

129 1926 163 1964 1,
179 1926 224 1957 10
248 1923 288 1956 in
322 1929 504 1956 secretum
529 1924 645 1957 Asiae
676 1923 859 1968 repositus
894 1921 950 1964 (v.
975 1921 1253 1968 seponere);
1287 1921 1417 1968 Agric.
1432 1926 1479 1963 39

127 1981 309 2026 optimum
333 1981 373 2016 in
400 1982 616 2027 praesentia
650 1981 782 2016 statuit
814 1991 989 2025 reponere
1024 1979 1165 2016 odium.
1215 1981 1257 2028 3)
1283 1980 1310 2016 i.
1337 1993 1376 2029 q.
1400 1992 1481 2015 re-

125 2037 302 2082 ficere,
334 2050 559 2086 reparare
592 2039 734 2086 (Virg.‚
760 2039 810 2073 al.
836 2040 986 2085 poetae)
1019 2043 1126 2074 Ann.
1143 2045 1175 2083 1,
1191 2040 1236 2077 63
1261 2046 1391 2086 ruptos
1414 2051 1481 2074 ve*

125 2102 265 2131 instate
273 2104 406 2143 pontes
422 2105 609 2144 reponeret
620 2112 632 2139 ,-
646 2098 745 2134 Hist.
760 2103 796 2141 3,
810 2094 858 2134 34
875 2099 1038 2148 reposita
1047 2099 1146 2145 fora
1162 2100 1375 2146 templaque
1391 2111 1481 2133 mu—

125 2153 323 2198 nificentia
345 2158 580 2204 municipum
589 2173 602 2202 ‚-
626 2157 730 2194 Anu.
747 2157 804 2201 16,
821 2162 865 2194 13
889 2149 1042 2193 cladem
1056 2156 1367 2206 Lugdunensium
1382 2170 1481 2205 qua-3

128 2213 281 2262 dragies
305 2217 471 2250 sestertio
496 2217 637 2251 solatus
662 2223 715 2251 est
734 2217 929 2263 princeps,
965 2222 1006 2250 ut
1031 2219 1178 2251 amissa
1210 2216 1295 2251 urbi
1326 2228 1482 2263 repone-

130 2279 211 2308 rent
235 2274 306 2319 (sc.
332 2279 552 2323 repararent
576 2280 613 2310 et
637 2274 762 2310 denuo
791 2280 1029 2310 exstruerent
1054 2274 1256 2322 aedificia).

223 2332 502 2369 REPUTATIO
528 2345 604 2381 arg.
631 2340 668 2369 et
694 2332 884 2381 sequioris
909 2333 1037 2369 aetatis
1062 2346 1143 2370 vox
1167 2336 1269 2370 Ann.
1285 2332 1341 2379 14,
1356 2339 1400 2372 31
1422 2347 1482 2369 re·-

127 2391 275 2434 putatio
299 2397 463 2426 veterum
488 2404 742 2440 novorumque
767 2404 914 2427 morum
940 2393 1088 2439 longius
1113 2394 1208 2428 tulit.

226 2450 529 2486 RESCRIPTUM
561 2449 679 2486 subst
713 2450 879 2498 fficsct'ivt
911 2451 1024 2498 (Plin.
1055 2451 1169 2497 min.)
1201 2454 1301 2487 Ann.
1317 2453 1351 2496 6,
1366 2420 1389 2493 9
1418 2454 1484 2486 in-

133 2508 214 2542 miti
234 2510 425 2555 rescripto.
471 2507 561 2555 Adj.
588 2515 644 2544 est
669 2509 768 2556 sign
802 2517 936 2544 cont1a
960 2512 1135 2556 scriptus,
1173 2517 1216 2545 ut
1241 2522 1303 2557 ap.
1332 2510 1483 2546 Cicero-

133 2577 223 2600 nem
247 2565 397 2612 legitur,
423 2567 527 2602 Ann.
541 2565 576 2611 4,
592 2565 640 2604 34
664 2572 723 2603 Μ.
743 2570 932 2604 Ciceronis
958 2568 1064 2612 libro,
1093 2581 1162 2616 quo
1183 2573 1358 2605 Catonem
1385 2570 1482 2604 coelo

136 2626 324 2671 aequavit,
352 2626 441 2670 quid
467 2627 573 2662 aliud
600 2627 764 2662 dictator
786 2631 925 2664 Caesar
948 2639 1065 2675 quam
1090 2630 1272 2675 rescripta
1302 2629 1482 2671 oratione,

135 2684 237 2741 velut
262 2682 367 2732 apud
386 2683 543 2729 judices,
569 2685 786 2733 respondit?
