1702 2982
341 6 360 23 0

297 148 364 196 de
385 147 593 211 poetico
625 146 758 194 stili
785 146 990 215 Tacitei
1022 148 1216 194 colore.
1317 156 1438 193 LXLV

84 270 192 323 nttbt
228 268 340 324 Ieicbt
376 267 550 324 ἓῑηῆυὲ.
594 267 693 324 ξςιη
731 238 992 323 ῖῲίίηιηιῇοῄ
1023 268 1138 324 Ξξαίῐε
1175 274 1356 317 ιιαηιιίειι
1387 268 1439 325 sie

85 346 165 388 bae
197 339 367 384 ubertas
399 337 603 382 orationis
636 345 729 386 mass
762 341 840 385 mit
868 338 1179 384 abundantia“.

231 468 308 514 III.
339 467 419 513 De
448 468 672 530 poetico,
702 468 821 522 stil'i
852 455 1286 516 Tacitei'colore.

201 551 415 612 Magnam
445 550 738 608 intercessisse
779 552 893 613 apud
925 552 1116 597 Graecos
1146 552 1260 597 inter
1288 565 1436 614 poetas

41 663 43 665 .
81 633 125 667 et
161 638 301 666 rerum
334 622 566 685 vscriptores
605 623 913 686 antiquissimis
951 624 1210 686 temporibus
1244 624 1436 671 similitu-

83 693 222 739 dinem
254 693 358 738 satis
388 685 482 754 jam*
508 693 915 755 pnobatnotissima
945 695 1039 749 illa,
1082 712 1165 757 qua
1196 695 1436 754 Homerum

81 765 190 827 epici
221 756 418 821 carminis
451 776 666 810 auctorem
688 765 896 811 Herodoti
929 767 1125 823 similem,
1157 767 1266 812 hunc
1297 778 1437 813 autem

80 835 281 881 historiae
311 836 549 882 Homerum
581 853 730 882 vocare
762 837 968 894 solemus,
1001 839 1278 900 comparatio.
1340 839 1437 886 Alia

78 906 159 952 fuit
188 908 303 971 apud
331 907 558 953 Romanos
590 925 729 952 rerum
759 910 1150 970 componendarum
1178 910 1305 967 ratio,
1351 911 1437 973 qui,

80 997 175 1025 cum
205 995 232 1023 a
262 979 363 1024 sola·
390 979 608 1024 annalium
647 979 911 1025 confectione
950 980 1127 1042 profecti
1167 992 1208 1026 et
1247 982 1308 1027 ita
1346 985 1437 1043 jam

79 1066 112 1094 a>
134 1050 343 1112 principio
370 1050 469 1113 plus
501 1051 605 1112 ipsis
636 1051 761 1096 rebus
795 1068 922 1113 quam
944 1052 1087 1097 animo
1117 1053 1335 1116 propriam
1366 1072 1435 1099 cu-

79 1123 229 1183 jusque
259 1122 305 1166 in
335 1122 386 1167 iis
419 1122 666 1183 enarrandis
688 1140 737 1168 ac
757 1122 1043 1183 dijudicandis
1073 1125 1264 1170 indolem
1295 1125 1436 1186 expri-

77 1193 207 1238 menti
238 1193 482 1251 tribuentes,
515 1192 780 1239 Graecorum
811 1194 995 1239 maxime
1027 1196 1222 1257 exemplo
1254 1197 1436 1258 permoti

78 1265 121 1309 in
151 1264 353 1309 historiae
385 1281 553 1326 quoque
586 1263 917 1329 conscribendae
950 1277 1040 1311 arte
1061 1267 1329 1329 'perfectiora
1360 1268 1436 1313 ad-

79 1336 307 1398 spirarent,
326 1336 525 1381 >oratoria
556 1338 694 1398 magis
728 1354 856 1400 quam
887 1338 1056 1400 poetica
1075 1333 1336 1384 *ornamenta
1369 1356 1435 1386 se-

78 1408 326 1471 quebantur.
387 1407 449 1452 Et
478 1407 536 1453 ita
569 1409 739 1470 quidem
769 1407 1123 1471 perfectissimum
1154 1409 1265 1455 inter
1285 1426 1434 1456 omnes

76 1479 301 1524 Romanos
333 1496 474 1524 rerum
506 1480 734 1542 scriptores
767 1479 984 1542 exemplar
1024 1481 1222 1543 quodque
1252 1482 1434 1527 maxime

76 1550 325 1595 Romanam
355 1568 496 1596 rerum
528 1551 915 1614 componendarum
943 1553 1095 1600 reddat
1124 1552 1313 1598 indolem
1342 1554 1436 1614 jure

78 1621 231 1666 dixeris
251 1621 412 1665 Titum
444 1621 636 1678 Livium,
677 1622 728 1666 iis
759 1623 1026 1684 potissimum
1055 1623 1182 1684 longe
1213 1636 1434 1686 praestan·

77 1704 176 1748 tem,
209 1692 294 1754 qui,
336 1691 442 1749 sicut
471 1691 684 1749 Lucanus,
718 1694 864 1749 Silius,
897 1695 986 1750 alii,
1017 1694 1122 1739 nihil
1153 1712 1286 1757 pr9pe
1318 1695 1434 1742 aliud

79 1780 205 1826 quam
236 1779 305 1808 res
337 1773 479 1824 gestas
522 1765 663 1809 vincta
694 1765 885 1810 oratione
925 1775 1169 1810 enarrantes
1210 1767 1432 1813 imminue-

76 1836 181 1881 bant
222 1834 331 1896 epici
370 1834 590 1893 carminis
614 1835 882 1897 dignitatem,
925 1847 1050 1899 atque
1101 1837 1184 1900 ipsi
1230 1837 1432 1885 historiae

74 1907 270 1968 gravitati
314 1905 578 1962 officiebant,
624 1908 835 1968 poeticam
866 1908 1111 1965 dictionem,
1151 1919 1198 1954 ut
1235 1922 1432 1955 ornatum

78 1980 344 2024 adstruerent
393 1994 531 2021 rerum
580 1979 884 2035 monumen-tis,
943 1971 1098 2025 frustra
1149 1981 1430 2027 adtentantes.

75 2045 202 2096 Unus
233 2050 522 2115 interlomnes
557 2048 734 2095 Tacitus
779 2051 933 2112 dignus
965 2062 1029 2096 est
1061 2051 1132 2113 qui
1162 2070 1256 2097 cum
1290 2052 1428 2098 Grae-

76 2121 149 2166 cis«
167 2120 251 2165 illis
283 2131 550 2182 comparetur
579 2137 667 2166 non
688 2122 944 2167 extrinsecus
974 2122 1107 2184 petito
1130 2122 1243 2167 cultu
1262 2125 1430 2186 poetico

75 2193 153 2237 sed
181 2209 258 2237 sua
286 2191 445 2252 ingenii
476 2193 519 2236 vi
549 2203 590 2237 et
619 2193 766 2238 innata
802 2193 886 2255 ipsi
924 2195 1067 2239 animo
1097 2195 1266 2257 poetica
1297 2196 1428 2242 subli-

74 2264 220 2309 mitate
258 2263 437 2307 validus.
499 2266 640 2326 Atque
679 2275 723 2309 ut
759 2264 1006 2310 Herodotus
1044 2266 1155 2327 epici
1191 2266 1252 2312 ita
1282 2279 1429 2312 noster

74 2334 192 2396 lyrici
230 2333 410 2379 maxime
442 2345 484 2381 et
515 2336 734 2382 dramatici
773 2336 971 2381 carminis
1010 2337 1239 2399 imaginem
1275 2338 1429 2397 reddit,
1456 2348 1460 2354 '

75 2405 219 2450 omnia
251 2422 357 2467 quae
387 2406 615 2452 memoriae
645 2409 790 2470 prodit
825 2408 870 2452 in
899 2425 1062 2453 morem
1103 2409 1249 2470 tragici
1277 2420 1430 2471 poetae

6 2520 9 2523 .
77 2476 324 2538 disponens,
355 2477 408 2522 in'
433 2478 628 2529 omnibus
659 2479 897 2542 exprimens
930 2480 994 2525 sui
1023 2480 1179 2542 ingenii
1210 2481 1427 2543 impetum,

75 2547 142 2592 sui
171 2547 302 2592 animi
331 2549 399 2594 vel
429 2549 602 2594 intimos
634 2567 800 2597 sensus.
860 2552 947 2599 Sed
977 2551 1081 2597 haec
1111 2569 1176 2597 res
1218 2552 1427 2614 ejusmodi

77 2629 155 2675 est,
187 2630 233 2664 ut
263 2636 398 2682 neque
429 2622 474 2666 in
505 2622 673 2683 regulas
705 2622 839 2683 redigi
869 2640 1007 2685 neque
1037 2622 1241 2684 exemplis
1273 2621 1428 2684 exponi

79 2701 227 2753 queat,
265 2701 307 2736 et
335 2691 438 2738 satis
477 2693 566 2754 jam
595 2695 651 2742 ‚de
681 2710 733 2740 ea
762 2694 918 2741 dictum
950 2710 1046 2740 esse
1076 2694 1240 2739 videtur
1269 2693 1341 2738 ubi
1373 2693 1425 2738 de
1461 2730 1463 2733 ,

659 2778 672 2782 ,
1379 2767 1396 2789 ῐι
