1702 2982
239 170 327 214 262
478 180 483 184 ’
804 169 1036 216 Infinitivus

241 282 457 330 vulgatum,
482 289 617 318 temere
648 283 847 333 creditum,
879 284 1076 320 decumari
1101 283 1273 331 legiones
1302 291 1338 320 et
1363 287 1600 334 promptiegi-

244 351 352 376 mum
384 353 565 389 quemque
597 342 855 378 centurionum
890 342 1056 387 dImitti‘f
1084 341 1250 390 Agric.9
1284 345 1486 381 comitante
1517 347 1602 395 epia

244 400 368 440 aione,
394 401 638 436 Britanniam
664 402 698 436 ei
719 402 960 449 provinciam
987 400 1094 443 dari,-
1127 411 1191 447 cp.
1203 398 1251 438 44
1281 400 1421 439 durare
1451 404 1494 440 in
1523 404 1602 441 hac

246 456 468 494 beatissima
500 460 644 495 saeculi
672 460 755 495 luce
785 471 835 495 ac
863 460 1071 507 principem
1105 463 1141 495 Τ
1138 460 1318 504 rajanum
1349 461 1476 497 videre
1509 474 1604 510 quo·—

246 515 340 561 dam
364 519 523 565 augurio
548 519 721 566 votisque
739 518 847 565 apud
870 520 1020 553 nostras
1045 529 1156 554 aures
1181 518 1436 556 ominabatur.
1484 520 1604 558 Simi-

244 573 301 610 lia
326 581 415 610 sunt
439 575 646 621 Ciceronis,
678 575 793 620 Livii,
827 575 1010 638 Sallustii,
1046 576 1180 620 Curtii,
1217 571 1380 613 aliorum
1411 581 1604 626 exempla·

243 631 357 668 Adde
391 633 487 669 locis
521 645 559 668 a
567 633 724 670 Walch.
756 634 804 670 ad
835 616 964 682 Agric.
988 631 1037 672 44
1070 633 1219 671 collatis
1250 635 1342 671 Liv.
1364 641 1424 680 33,
1447 643 1489 683 53
1523 637 1602 675 Cic.

245 691 352 726 Brut.
366 696 432 736 31,
459 694 568 729 Rosc.
593 692 684 728 Am.
697 697 719 731 5
745 699 783 730 et
806 694 853 731 cf,
880 691 1075 728 Drakenb.
1102 691 1149 727 ad
1174 692 1262 729 Liv-
1275 696 1335 737 27,
1349 692 1435 737 3,AE

341 748 383 795 2)
415 750 756 788 nominativus
796 763 902 788 cum
934 750 1077 787 infin.
1114 749 1237 798 coni.
1269 753 1380 788 loco
1409 760 1606 790 accusa-‘-

246 804 343 843 tivi
376 807 474 844 nist.
487 806 522 853 4,
537 814 584 847 55
616 811 697 857 ipse
729 823 749 846 e
781 808 993 854 majoribus
1023 811 1102 844 suis
1131 811 1249 846 hostis
1275 811 1409 858 populi
1439 814 1607 849 Romani
1647 852 1653 860 Ι

246 877 363 918 quam
388 869 512 902 socius
539 868 740 911 jactabam·
771 867 949 904 similiter
972 866 1135 912 duobus,
1169 874 1213 904 ut
1236 868 1357 905 moris
1379 874 1436 905 est
1458 869 1605 916 Tacito,

246 922 399 959 dicendi
424 925 628 971 generibus
653 925 872 971 conjunctis
906 936 965 972 cp.
981 930 1027 963 53
1052 925 1096 961 id
1128 927 1252 962 solum
1279 928 1408 975 religio
1439 927 1608 964 adnuere

246 987 283 1016 et
305 984 446 1029 prioris
470 985 602 1032 templi
633 983 946 1032 magnificentiae
970 984 1135 1030 defuisse
1166 984 1366 1021 creditum.
1415 986 1471 1023 Cf.
1495 987 1606 1036 Virg.

244 1040 343 1076 Aen.
362 1046 398 1086 2,
421 1046 491 1083 377
528 1044 642 1078 sensit
676 1043 818 1079 medios
852 1042 1030 1089 delapsus
1065 1044 1107 1079 in
1142 1043 1264 1080 hostes
1300 1050 1339 1080 et
1374 1043 1517 1082 similia
1541 1056 1604 1094 ap.

242 1100 396 1146 Ramsh.
421 1112 461 1148 p.
474 1099 557 1138 432.

341 1158 394 1205 3)
428 1165 599 1195 contra
635 1158 950 1202 accusativus
993 1156 1135 1196 loco
1141 1159 1448 1198 nominativi
1481 1160 1604 1209 conj.

245 1225 352 1251 cum
376 1215 534 1262 infin„
561 1218 706 1254 Graeco
730 1229 848 1261 more,
878 1218 983 1253 Ann.
998 1224 1031 1263 1,
1048 1223 1109 1267 10,
1124 1217 1323 1253 dicebatur
1346 1226 1493 1264 contra,
1525 1221 1609 1267 pie-

245 1278 362 1310 tatem
387 1287 479 1323 erga
501 1283 698 1323 parentem
723 1283 758 1312 et
781 1283 956 1324 tempora
982 1278 1073 1323 reip.
1101 1276 1266 1312 obtentui
1298 1281 1474 1326 sumptas,-
1506 1277 1605 1314 Hist.

245 1329 284 1376 4,
297 1337 344 1370 52
372 1335 499 1369 Titum
522 1354 570 1361 —-
601 1336 719 1370 multo
746 1335 854 1382 apud
875 1341 1024 1382 patrem
1049 1347 1219 1370 sermone
1243 1347 1371 1371 orasse
1394 1334 1604 1380 dicebatur,

246 1402 295 1426 ne
318 1397 386 1426 cet.
394 1406 407 1435 ,·
430 1394 533 1428 Anu.
547 1397 582 1438 2,
597 1393 644 1434 69
668 1392 876 1439 maleficia,
912 1395 995 1440 quis
1020 1392 1188 1428 creditur
1212 1395 1364 1429 animas
1387 1393 1608 1429 numinibus

247 1447 408 1495 infernis
440 1454 591 1487 sacrari
599 1466 612 1493 ‚·
644 1452 743 1488 Hist.
761 1458 793 1497 1,
808 1456 854 1489 50
889 1458 930 1486 ut
963 1457 1114 1486 tantum
1146 1453 1345 1497 superioris
1380 1453 1610 1489 Germaniae

247 1510 458 1543 exercitum
484 1509 687 1546 descivisse
711 1510 936 1552 crederetur,
963 1520 1023 1556 cp.
1038 1515 1085 1551 90
1113 1510 1296 1545 Trachali
1322 1511 1470 1558 ingenio
1490 1510 1609 1547 otho-

247 1577 334 1601 nem
359 1568 415 1601 uti
438 1568 682 1612 credebatur,·
712 1574 746 1614 3,
761 1572 808 1609 79
832 1566 978 1615 plebem
1006 1579 1149 1615 quoque
1182 1574 1217 1603 et
1247 1570 1399 1604 servitia
1430 1581 1502 1615 pro
1539 1570 1608 1606 Vi-

247 1626 345 1661 tellio
378 1628 526 1661 armari
557 1626 826 1670 nuntiabatur3
864 1627 1049 1663 Germ-33
1081 1627 1335 1673 Angrivarios
1369 1628 1609 1675 immigrasse

247 1690 436 1719 narratur.
487 1686 543 1720 lta
567 1684 702 1720 Livius
727 1682 856 1720 verbis
883 1684 1060 1728 creditur,
1088 1685 1277 1731 proditur,
1315 1685 1495 1729 traditur,
1519 1676 1610 1730 ser-

246 1748 320 1786 tur,
346 1744 543 1778 nuntiatur
567 1743 670 1778 haud
704 1754 789 1777 raro
822 1741 947 1790 jungit
978 1741 1049 1777 inf.
1085 1753 1175 1776 cum
1204 1753 1328 1779 accus.
1377 1742 1618 1780 Vide·Dra-

245 1799 457 1836 kenborch.
483 1802 531 1836 ad
556 1801 643 1838 Liv.
660 1807 692 1845 1,
707 1807 766 1845 31,
783 1807 802 1838 8
828 1806 866 1837 et
890 1812 986 1849 quos
1011 1801 1176 1836 contulit
1198 1802 1307 1838 Hess.
1335 1801 1383 1836 ad
1410 1802 1535 1836 Germ.
1546 1805 1606 1838 33.

245 1858 449 1894 Rarissime
474 1860 614 1895 dicitur
642 1860 717 1895 hoc
742 1858 860 1894 modo
887 1858 1096 1903 invenitur,
1123 1865 1167 1895 ut
1194 1861 1289 1907 Nep.
1314 1861 1427 1896 Paus.
1444 1863 1491 1904 5,
1497 1864 1521 1914 3
1546 1858 1610 1895 di-

245 1917 347 1951 citur
371 1929 412 1951 eo
437 1924 603 1964 tempore
626 1926 788 1953 matrem
810 1918 1029 1952 Pausaniae
1051 1919 1211 1953 vimisse.

340 1972 533 2019 loinfiin.
556 1987 707 2022 praes.
729 1987 856 2023 pass.
878 1975 1102 2023 jungitur
1120 1986 1470 2024 nonnunquam
1493 1974 1610 2011 acti-

246 2044 308 2070 vo
340 2034 443 2078 coepi
476 2044 563 2079 pro
603 2045 721 2079 pass.
753 2041 903 2080 coeptus
927 2046 1024 2070 sum.
1049 2035 1152 2069 Ann.
1168 2040 1200 2078 1,
1215 2033 1262 2071 311
1287 2034 1433 2079 dissoni
1457 2040 1609 2082 questus

247 2091 376 2127 audiri
401 2102 571 2137 coepere,·
602 2091 651 2125 cf.
665 2093 771 2138 Nep.
800 2092 936 2137 Epam.
954 2097 999 2128 10
1030 2098 1233 2138 postquam
1267 2092 1374 2138 apud
1403 2092 1610 2129 Cadmeam

244 2150 412 2199 pugn-ari
442 2161 529 2184 cum
562 2148 875 2184 Lacedaemoniis
909 2151 1048 2196 coepit;
1078 2148 1162 2184 Liv.
1177 2153 1211 2192 2,
1227 2154 1275 2190 29
1309 2150 1441 2186 ordine
1464 2151 1609 2186 consuli

248 2210 390 2256 coepit·
418 2211 477 2253 22,
491 2205 515 2244 4
544 2214 745 2255 postquam
777 2209 900 2255 pandi
926 2221 1064 2256 agmen
1099 2209 1240 2255 coepit;
1273 2213 1332 2254 35,
1349 2212 1395 2245 35
1427 2208 1540 2244 educi
1560 2227 1610 2235 —

248 2279 420 2323 coepere,·
443 2266 536 2301 Sall.
563 2266 645 2303 Cat.
662 2271 706 2303 12
729 2268 943 2302 innocentia
967 2279 1038 2313 pro
1061 2267 1321 2301 malivolentia
1349 2266 1441 2302 duci
1467 2268 1610 2314 coepit,

219 2330 227 2333 “
247 2328 331 2374 Jug.
345 2330 392 2367 92
427 2326 568 2378 clarior
591 2323 726 2359 haberi
752 2327 888 2371 coepit;
921 2327 1014 2360 Hor.
1040 2327 1109 2372 Ep.
1126 2331 1157 2370 1,
1177 2329 1232 2368 15,
1247 2328 1293 2364 27
1327 2323 1499 2360 urbanus
1525 2336 1611 2360 coe-

246 2386 305 2433 pit
328 2383 483 2423 haberi5
507 2382 605 2417 Plin.
630 2383 680 2418 H.
711 2383 756 2417 N.
773 2388 828 2426 10,
842 2381 886 2420 41
915 2385 1019 2418 cerni
1047 2395 1208 2429 coepere.

344 2442 387 2484 5)
420 2440 717 2476 infinitivus
750 2441 832 2489 qui
864 2441 1055 2476 dicitur
1090 2441 1389 2484 historicus,
1422 2440 1610 2491 cujusque

246 2499 347 2548 apud
373 2500 526 2533 nullum
553 2498 672 2546 magis
698 2511 813 2547 quam
839 2499 945 2546 apud
960 2499 1149 2534 Tacitum
1176 2500 1301 2535 variat
1329 2512 1422 2536 usus
1449 2503 1486 2547 a)
1513 2499 1611 2536 it‘e-

247 2565 383 2595 ratur
414 2556 611 2602 saepius
645 2559 938 2606 plerumque
961 2569 1103 2606 quam
1135 2569 1207 2604 ap.
1239 2558 1365 2594 alios
1398 2559 1611 2606 scripto-

246 2628 336 2662 res,
362 2613 663 2660 conjunctus
692 2615 818 2650 haud
843 2627 952 2651 raro
976 2627 1082 2650 cum
1110 2614 1260 2651 verbo
1285 2616 1457 2660 finito,
1483 2616 1611 2653 maxi-

250 2687 311 2711 me
339 2684 425 2710 cum
454 2682 574 2720 praes.
602 2672 690 2709 hist.
726 2674 915 2718 Ann.1,2
947 2674 1011 2709 ubi
1043 2675 1200 2710 militem
1237 2674 1348 2710 donis
1372 2697 1419 2704 --
1442 2675 1610 2722 pellacit,
