1702 2982
203 191 256 237 de
277 189 425 236 ceteris
446 177 588 237 Taciti
606 180 651 233 in
672 188 968 250 componenda
987 187 1087 234 hist.
1109 188 1339 235 virtutibus.
1370 201 1469 235 XXV
1500 219 1503 223 ‹

239 309 365 370 Quae
394 317 490 355 cum
518 323 699 370 magnae
731 306 815 352 sint
845 306 1064 368 scriptoris
1095 307 1283 368 virtuteS,
1314 320 1378 354 est
1405 320 1469 356 ta-

119 398 218 431 men
254 380 436 448 aliquid‚
474 372 560 441 quo¹
597 380 758 439 majore
790 377 917 422 etiam
946 377 1104 439 ingenii
1134 379 1346 442 animique
1378 374 1469 442 ejus

119 469 265 498 amore
294 451 591 504 incendamur3
622 449 892 495 tenerrimum
927 449 1023 494 dico
1056 450 1199 495 decori
1229 461 1354 512 atque
1391 452 1469 498 ho-

119 523 228 570 nesti
266 538 461 578 sensum,
502 537 585 584 quo
616 520 746 566 foeda
775 519 1083 583 inhonestaque
1115 521 1226 566 dictu
1256 539 1342 566 non
1372 523 1471 569 reti-

87 605 188 641 ¹‘cet
207 593 390 657 quidem,
422 592 512 650 sed,
542 609 596 637 ne
617 603 762 637 oneret
780 591 1012 652 legentium
1032 591 1251 667 pudorem,
1282 593 1440 639 velut
1426 613 1471 640 111

109 675 364 711 transcursu
393 664 574 725 attingit,
606 662 776 708 omissis
808 663 935 708 etiam
967 663 1031 719 iis,
1065 680 1172 725 quae
1194 665 1362 726 cognitu
1382 683 1471 712 non

116 736 251 798 'digna
290 736 451 799 spernit
491 746 616 798 atque
645 733 808 797 respuit
838 733 1038 780 historiae
1070 736 1329 797 gravitas1),
1374 753 1471 798 quo,

118 824 173 852 ne
204 807 347 867 lae-dat
377 805 800 853 clarorum<virorum
829 805 1100 863 memoriam,
1133 808 1301 852 silen'tio
1332 819 1470 854 trans-

119 879 247 924 mittit
284 874 391 942 qnae
431 879 632 924 indecora
667 877 927 922 admiserunt
956 869 1187 939 po'steri2),
1219 891 1471 926 commemo-

119 950 256 997 rando
279 961 438 1006 contra,
471 966 577 1012 quae
611 947 802 1012 quamvis
833 948 954 1010 parvi
984 966 1061 1010 per
1091 965 1137 994 se
1166 951 1383 1007 momenti,
1416 953 1473 997 ad

118 1021 463 1088 condecorandos
491 1020 688 1066 inlustres
720 1019 914 1065 homines
945 1018 1084 1066 facere
1114 1038 1253 1084 posse-
1280 1022 1472 1069 videren-

209 1250 379 1298 plerique
401 1261 469 1298 per
493 1249 671 1297 abrupta,
698 1249 766 1286 sed
789 1251 828 1286 in
857 1250 1005 1286 nullum
1031 1252 1122 1299 reip.
1141 1263 1254 1287 usum
1272 1251 1475 1288 ambitiosa

213 1317 333 1346 morte
355 1310 629 1346 inclaruerunt.
664 1311 768 1346 Ann.
781 1308 817 1355 lt,
833 1315 880 1348 20
913 1313 1030 1346 Hunc
1057 1323 1129 1359 ,ego
1162 1310 1346 1358 Lepidum
1375 1318 1473 1347 iem—-

207 1369 367 1418 poribus
397 1371 474 1405 illis
505 1382 663 1418 gravem
689 1377 723 1406 et
747 1373 953 1418 sapientem
978 1372 1101 1405 virum
1127 1370 1247 1413 fuisse
1272 1373 1472 1418 comperio.
1515 1378 1520 1382 ‘

213 1442 308 1466 nam
339 1431 518 1479 pleraque
543 1430 593 1467 ab
618 1432 744 1466 saevis
769 1430 1058 1467 adulationibus
1084 1415 1247 1467 aliorum
1272 1432 1313 1465 in
1337 1432 1475 1466 melius

203 1490 347 1536 flexit.-
379 1502 496 1538 neque
520 1497 649 1526 tamen
674 1480 966 1537 temperamenti
991 1490 1143 1538 egebat,
1171 1502 1257 1526 cum
1277 1490 1475 1538 aequabili

214 1552 436 1587 auctoritate
460 1557 493 1586 et
515 1552 644 1598 gratia
670 1550 777 1597 apud
805 1550 994 1585 Tiberium
1020 1552 1191 1598 viguerit.
1240 1552 1369 1599 Atque
1401 1550 1474 1586 hac

213 1621 306 1646 usus
337 1610 598 1646 moderatione
631 1621 800 1658 aequum
835 1621 875 1645 se
908 1607 1063 1656 praebet
1091 1609 1324 1646 saevissimis
1360 1610 1476 1645 etiam

213 1668 386 1715 tyrannis
410 1669 480 1715 (cf.
509 1676 656 1716 praeter
680 1668 869 1716 judicium
894 1668 999 1716 quod
1024 1668 1095 1704 fert
1120 1668 1166 1704 de
1192 1668 1368 1712 Tiberio,
1404 1681 1476 1706 ve·-

214 1727 337 1764 ritatis
371 1727 646 1776 aequitatisque
682 1726 952 1776 gravissimum
987 1727 1272 1771 documentum,
1305 1729 1410 1764 Anu.
1438 1729 1473 1772 6,

215 1786 264 1826 46
288 1787 336 1822 de
361 1786 539 1831 Claudi03
566 1786 663 1822 Hist.
689 1791 724 1830 2,
750 1784 798 1824 46
823 1786 870 1822 de
898 1787 1079 1832 Othone),
1106 1793 1142 1821 et
1167 1787 1346 1835 quamvis
1375 1788 1476 1823 anti-

216 1859 316 1896 quae
340 1846 434 1894 reip.
460 1859 610 1882 summo
635 1846 823 1882 desiderio
851 1846 1056 1894 studioque
1089 1845 1268 1895 flagrans,
1306 1847 1478 1896 agnoscit

216 1909 346 1945 tamen
379 1912 417 1942 et
448 1906 510 1942 sui
542 1905 628 1942 aevi
662 1905 876 1956 commoda.
928 1905 983 1942 Cf.
1018 1905 1118 1940 Hist.
1151 1911 1194 1950 2,
1232 1911 1298 1949 383
1331 1912 1373 1951 3,
1408 1913 1476 1952 51;

215 1964 350 2017 Agric.'
371 1965 436 2010 423
470 1966 576 2001 Ann.
605 1971 646 2011 1,
672 1970 714 2012 23
742 1971 786 2010 3,
822 1969 881 2006 2T.
912 1970 972 2003 28.
1007 1970 1054 2003 55
1086 1964 1309 2015 integerque
1341 1966 1389 2002 de
1420 1979 1475 2002 or.

213 2028 307 2064 dial.
355 2028 406 2063 V.
431 2025 541 2061 infra.
574 2070 578 2075 ἱ
610 2025 612 2028 “

151 2105 183 2158 i)
213 2105 270 2149 Cf.
296 2111 400 2147 Ann.
428 2109 469 2153 6,
505 2115 522 2146 1
557 2108 759 2159 cumvvita
789 2107 940 2145 Tiberii
973 2121 995 2143 a
1028 2107 1212 2143 Suetonio
1238 2108 1477 2157 conscripta3

187 2171 320 2221 χΑιιῐι.
349 2175 413 2214 13,
447 2175 491 2207 31
519 2189 567 2197 -·
596 2181 724 2217 pauca
750 2170 934 2204 memoria
962 2168 1081 2215 digna
1109 2180 1278 2213 evenere,
1314 2171 1387 2204 nisi
1415 2172 1476 2220 oui

193 2230 331 2275 *libeat
369 2229 577 2265 laudandis
608 2229 882 2276 fundamentis
923 2234 957 2263 et
987 2226 1161 2262 trabibus
1196 2251 1243 2257 -
1280 2231 1476 2265 volumina

215 2291 405 2342 implere,
425 2301 512 2324 cum
545 2301 596 2324 eae
630 2289 813 2337 dignitate
843 2289 976 2337 populi
1008 2289 1174 2323 Romani
1207 2297 1394 2335 repertum
1430 2291 1478 2324 sit
1518 2285 1519 2288 ¹

217 2363 277 2386 res
309 2351 485 2385 inlustres
519 2349 744 2393 annalibus,
781 2350 875 2384 talia
911 2348 1057 2383 diurnis
1089 2347 1194 2382 urbis
1228 2351 1327 2384 actis
1360 2361 1477 2385 man-

161 2439 164 2445 s
217 2410 363 2447 dare.“
411 2408 483 2444 Sed
510 2415 781 2444 commemorat
806 2408 921 2443 etiam
945 2406 992 2442 ab
1027 2405 1112 2443 aliis
1147 2407 1306 2452 omissa,
1340 2408 1374 2445 si
1411 2420 1477 2445 co-
1518 2426 1522 2429 ’

217 2469 325 2520 gnitu
349 2468 453 2513 haud
479 2467 644 2504 absurda
668 2466 909 2504 videbantur.
961 2467 1015 2504 Cf.
1041 2467 1148 2502 Anu.
1176 2468 1209 2511 6,
1239 2471 1272 2507 ῖ.

91 2562 105 2583 x
149 2553 187 2600 ⁸)
211 2553 318 2589 Ann.
347 2549 404 2595 14,
433 2549 478 2589 14
502 2554 600 2588 Nero
626 2545 674 2580 -s-
698 2552 880 2587 nobilium
905 2549 1154 2596 familiarum
1187 2557 1358 2597 posteros
1390 2563 1478 2598 ege-

218 2619 316 2652 state
339 2613 491 2647 venales
518 2613 557 2646 in
581 2623 734 2647 scenam
762 2611 944 2647 deduaeit:
969 2622 1061 2657 quos
1078 2609 1167 2657 fato
1189 2609 1409 2656 perfunctos
1433 2623 1480 2645 ne

219 2673 445 2708 nominatim
471 2671 650 2716 tradam,
682 2670 893 2715 majoribus
928 2681 1059 2706 eorum
1096 2669 1339 2705 tribuendum
1372 2677 1477 2717 puto.

218 2733 269 2768 V.
294 2734 447 2780 Rupert.
472 2730 521 2766 ad
545 2731 584 2766 h.
610 2732 638 2766 l.
