1702 2982
1039 130 1084 151 ὣ
1123 124 1133 140 Ι

470 178 626 233 Orare
651 193 708 221 —'
742 185 1071 263 orthographia
1219 224 1235 232 -
1324 171 1325 174 Ἴ
1366 154 1456 241 535

89 297 253 337 λοῦντεε.
295 301 369 338 Sed
394 300 551 338 Tacit-us
577 301 647 336 1.-1.
683 299 939 347 optionem
974 305 1348 351 speculatorum
1384 320 1458 345 an·-

32 378 33 383 =
89 355 197 408 tiqua
222 354 292 401 ill'a
317 359 414 408 sign.
438 358 551 394 dixit.
601 354 739 394 Festus*
757 358 831 394 ait:
856 363 954 407 optio
980 364 1044 409 qui
1069 376 1173 401 nunc
1187 365 1326 401 dieitur
1339 375 1455 404 antea
1483 385 1485 388 ·

39 452 43 454 .
89 415 359 465 appellabatur
383 429 577 453 accensus.
603 437 650 445 —
677 416 802 453 dictus
827 425 880 453 est
906 422 1019 469 optio,
1047 423 1113 469 qui
1150 424 1362 471 aliquando
1400 427 1453 463 ab

88 477 168 523 ipso
194 479 411 519 centurione
433 476 636 523 optabatur·
664 478 688 515 i.
703 489 733 512 e.
758 477 979 525 eligebatur.
1018 480 1246 528 *Vegetiusz
1285 487 1453 530 optiones

88 533 139 570 ab
165 535 328 582 optando
354 537 549 583 appellati,
585 536 687 583 quod
718 537 1025 574 antecedentibus
1052 537 1302 586 ‘aegritudine
1335 555 1453 590 prae-

35 598 38 601 “
85 594 234 641 peditis,
260 595 300 630 1ιὶ
324 604 513 643 tanquam
540 595 716 642 adoptati
741 609 866 631 eorum
887 604 1005 653 atque
1040 600 1176 634 vicarii
1209 601 1329 635 solent
1362 605 1464 655 uni--

85 663 196 688 versa
229 657 376 689 curare.
423 655 516 690 Inde
543 667 603 702 ap.
630 650 815 690 Plana-et
839 657 1051 692 Varronem
1077 657 1180 692 idem
1201 657 1290 705 fere
1323 660 1395 696 est*
1411 660 1453 697 in

86 711 312 748 uriivefsum
337 725 416 761 quo
442 714 606 757 adjutor.
647 714 704 750 Cs.
741 715 1041 752 tesserarius
1073 722 1110 751 et
1141 717 1450 763 speculator.

182 771 414 808 OPTUMUS
441 771 529 808 vide
554 771 857 809 altissumus.

182 830 343 866 ORARE
370 842 439 877 pro
464 831 588 866 dicere
611 832 715 867 Ann.
734 838 790 876 13,
804 830 851 870 42
882 834 948 880 qui
974 835 1095 882 pretio
1122 846 1264 870 causas
1284 838 1449 885 oravis-

87 895 170 923 sent
195 888 266 935 (ita
294 887 439 936 passim
464 901 526 935 ap.
552 897 725 926 nostrum
763 898 800 927 et
837 883 988 939 priores*
1007 893 1135 938 etiam,
1170 894 1275 930 unde
1307 903 1447 942 orator,

85 951 180 982 teste
207 948 394 991 Varrone,
423 948 575 995 proprie
601 956 656 984 est
682 950 942 996 causidicus);
978 956 1012 995 3,
1029 952 1075 991 67
1109 954 1247 990 orandi
1280 959 1428 992 nescius
1436 971 1452 999 ,-

86 1002 121 1048 4,
137 1009 180 1042 21
210 1008 346 1041 orandi
370 1006 548 1050 validus-,³
574 1017 633 1053 op.
647 1012 692 1045 28
721 1016 853 1044 orante
869 1010 978 1055 fili⁰5
1001 1011 1101 1051 Dial.
1117 1012 1139 1049 6
1165 1018 1202 1049 et
1225 1014 1450 1062 saepissime

84 1075 146 1111 ap.
175 1064 336 1111 Quintil.
361 1072 510 1100 orantes
535 1073 625 1102 sunt
649 1061 828 1103 oratores.

183 1124 313 1160 ORDO
341 1126 378 1170 1)
405 1124 627 1170 saepissime
652 1125 790 1174 legitur
823 1128 869 1162 de
901 1127 1059 1164 militari
1091 1130 1227 1167 ordine
1258 1139 1315 1174 fit,
1333 1132 1450 1171 abso..

85 1183 165 1218 lute
190 1183 347 1231 quidem
379 1183 512 1219 munis
545 1183 641 1220 locis
677 1185 725 1220 de
758 1186 944 1234 dignitate
965 1190 1129 1232 'eorum,
1165 1190 1234 1238 qui
1273 1192 1449 1231 ordinem

85 1241 253 1290 aliquem
283 1241 468 1278 obtinent.
516 1243 621 1279 Ann.
640 1241 735 1287 ’1,44
775 1248 917 1280 citatus
950 1245 999 1280 ab
1033 1248 1259 1294 imperatore
1292 1251 1450 1296 (centu—

85 1299 166 1346 rio)
187 1313 334 1346 nomen,
363 1301 546 1346 ordinem,
568 1305 754 1349 patriam,
772 1317 970 1340 numerum
986 1307 1258 1352 stipendiorum
1284 1330 1332 1336 —
1357 1313 1448 1349 ede-

86 1357 153 1393 bat
162 1374 174 1402 ;
202 1357 258 1403 14,
273 1363 318 1399 27
347 1359 508 1407 legiones
535 1361 823 1399 deducebantur
849 1375 935 1398 cum
962 1364 1124 1400 tribunis
1148 1374 1182 1401 et
1217 1373 1448 1408 centurioni-

87 1416 156 1452 bus
181 1425 215 1452 et
240 1420 298 1454 sui
323 1417 501 1466 cujusque
527 1420 896 1464 ordinis.militibus‚·
922 1422 1020 1458 Hist.
1052 1429 1084 1468 1,
1108 1429 1154 1462 52
1191 1428 1331 1464 redditi
1363 1433 1447 1479 ple-

88 1479 212 1524 risque
237 1476 461 1523 (militibus)
490 1478 639 1513 ordines
674 1485 711 1514 et
745 1480 829 1515 eod.
860 1491 943 1528 cap.
979 1482 1195 1520 adimendis
1229 1478 1448 1536 adsignan-

86 1536 193 1572 disve
215 1538 374 1572 militiae
401 1536 618 1580 ordinibus;
642 1535 677 1582 ll,
696 1543 742 1579 59
766 1539 1038 1586 interfectorem
1068 1545 1236 1579 Voculae
1260 1547 1349 1583 altis
1379 1563 1446 1584 or·-

34 1591 37 1596 ’
85 1595 248 1637 dinibus,
274 1602 424 1641 ceteros,
451 1602 491 1630 ut
517 1598 670 1643 quisque
693 1600 886 1645 flagitium
911 1592 1141 1648 navaveratJ
1156 1608 1342 1649 praemiis
1369 1609 1445 1644 ad-

38 1688 41 1691 .
84 1655 192 1698 tollit.
243 1656 296 1689 lta
323 1654 409 1689 Liv.
432 1654 628 1690 honestum
657 1658 828 1692 ordinem
858 1657 1006 1706 ducere,
1032 1673 1147 1706 pares
1183 1664 1333 1702 ordines
1371 1668 1447 1703 du-

84 1726 169 1750 cere
193 1706 230 1749 et
254 1713 398 1748 similia
425 1713 605 1760 exhibet3
633 1715 680 1750 cs.
699 1716 796 1755 Plin.
825 1716 943 1762 Epist.
957 1719 990 1762 6,
1008 1721 1055 1755 25
1080 1719 1170 1755 huic
1203 1735 1268 1767 ego
1295 1726 1446 1763 ordines

84 1775 394 1820 impetraveram.
443 1774 479 1816 2)
507 1773 552 1807 de
580 1774 712 1809 ordine
739 1775 928 1810 senatorio
955 1777 1088 1812 eodem
1120 1781 1236 1817 modo
1271 1782 1463 1824 absolute*

86 1831 243 1879 ponitur
267 1831 370 1864 Ann.
393 1831 483 1875 1,⁴75
516 1835 706 1879 Propertio
746 1835 858 1869 Celeri
888 1838 1075 1881 praetorio
1113 1842 1263 1875 veniam
1303 1845 1445 1881 ordinis

83 1896 153 1935 (sc.
179 1888 358 1924 senatorii
383 1890 643 1938 relinquendi)
671 1892 716 1927 ob
750 1900 1015 1941 paupertatem
1043 1901 1184 1941 petenti
1210 1900 1332 1935 decies
1363 1915 1444 1938 ses-

83 1951 232 1984 tertium
258 1949 418 1995 largitus
444 1957 522 1991 est;
552 1956 606 1994 13,
625 1957 665 1988 11
695 1965 816 1998 quem,
852 1954 896 1988 ob
931 1955 1162 1991 adulterium
1196 1961 1443 1998 Messallinae
1496 1947 1500 1965 Β

12 2031 26 2059 ,ᾖ
84 2008 213 2043 ordine
237 2014 432 2051 remotum,
459 2009 626 2044 reddidit
661 2013 832 2054 senatui‚·
865 2023 926 2063 cp.
950 2018 995 2050 32
1030 2015 1203 2050 redditur
1241 2018 1365 2055 ordini
1398 2026 1441 2056 L.

85 2069 225 2112 Varius
258 2068 471 2102 consulari-s
505 2070 691 2103 avaritiae
730 2071 954 2106 criminibus
991 2074 1081 2108 olim
1118 2077 1328 2120 perculsus.
1386 2081 1442 2116 Ita

81 2126 226 2174 priores
255 2137 409 2174 quoque
432 2127 655 2174 loquuntur.
708 2129 764 2165 Cf.
782 2129 860 2166 Cic.
887 2143 924 2177 p.
943 2130 1021 2166 redi
1050 2126 1092 2167 iii
1116 2145 1194 2169 sen.
1214 2140 1247 2171 1.
1276 2139 1339 2184 qui
1353 2134 1443 2185 digr-

80 2187 248 2231 nitatem,
277 2188 338 2232 qui
365 2186 530 2221 ordinem
556 2187 778 2223 reddidistis
786 2202 799 2229 ,·
825 2188 910 2229 Liv.
929 2195 961 2234 8,
979 2196 1022 2227 18
1050 2195 1220 2228 consules
1246 2195 1300 2230 ad
1324 2209 1444 2233 sena-

33 2262 39 2271 ·
79 2250 159 2280 tum
185 2244 364 2290 referunt,
403 2256 660 2293 consensuque
697 2248 842 2283 ordinis
870 2248 977 2291 fides
1015 2250 1133 2286 indici
1171 2252 1279 2288 data.
1317 2256 1360 2302 3)
1399 2263 1443 2294 ut

84 2303 162 2339 Cic.
193 2304 239 2338 de
280 2302 451 2347 iudicum
488 2305 621 2340 ordine
655 2313 846 2352 praeterea
884 2307 1007 2342 utitur
1040 2309 1078 2344 h.
1105 2322 1154 2354 v.,
1190 2311 1244 2347 ita
1284 2315 1442 2352 Tacitus

83 2361 130 2396 de
155 2361 456 2408 municipiorum
482 2363 752 2405 decurionibus
777 2367 880 2400 Ann.
899 2372 954 2411 13,
972 2364 1018 2404 48
1053 2370 1344 2415 Puteolanorum
1367 2373 1440 2410 ⁴le-

56 2421 260 2466 -lgationes,
294 2433 390 2468 quas
424 2421 594 2457 diversus
631 2424 721 2459 ordo
753 2424 932 2472 plebsque
964 2425 1019 2461 ad
1052 2434 1226 2464 senatum
1261 2433 1441 2479 miserat,-

81 2476 178 2512 Hist.
191 2483 224 2521 2,
241 2483 284 2515 52
311 2479 403 2514 ordo
427 2483 667 2516 watinensis.

176 2536 565 2574 ORTHOGRAPHIA
589 2553 686 2589 quae
713 2541 854 2576 dicitur
878 2554 958 2577 non
984 2543 1115 2580 minus
1141 2545 1247 2581 varia
1279 2555 1346 2584 est.
1375 2562 1437 2597 ap.

80 2593 257 2628 Tacitum
283 2607 398 2642 quam
430 2597 514 2643 ipsa
545 2599 732 2634 voc-abula
764 2613 973 2649 eorumque
1005 2602 1133 2650 signif.
1178 2611 1215 2639 et
1262 2613 1439 2642 constru-

82 2652 245 2698 ctiones3
268 2654 331 2688 sed
359 2666 446 2689 cum
472 2667 552 2691 non
580 2658 670 2693 satis
696 2665 868 2693 accurate
894 2659 1053 2707 inspecti
1076 2660 1155 2696 sint
1174 2661 1263 2697 libri
1286 2665 1431 2712 scripti,

81 2710 173 2761 certi
198 2711 300 2746 nihil
327 2723 443 2760 super
466 2714 539 2750 'hac
564 2727 606 2750 re
625 2717 803 2753 constitui
818 2724 955 2765 potest.
1004 2719 1098 2754 Inde
1112 2720 1305 2758 diversam
1320 2734 1434 2772 saepe

1082 2884 1091 2903 -Ι
