1702 2982
304 87 321 107 9

229 210 312 257 104
568 210 840 258 Concubinus
871 236 929 269 —-,-
962 209 1219 258 Conflictare

231 335 389 361 concors
412 324 485 370 sibi
511 325 570 363 vis
592 327 746 374 mentis5
777 325 861 363 Liv
871 324 907 372 4,
927 330 950 363 2
974 338 1021 361 ne
1048 335 1178 361 secum
1204 323 1356 372 quidem
1379 326 1461 374 ipse
1483 336 1578 364 con-

231 384 336 430 cors)
360 388 395 430 2,
409 382 456 422 43
480 385 641 433 egregie
645 385 869 448 concordes-,-
894 385 928 430 6,
942 382 988 422 42
1014 386 1184 432 quotiens
1209 383 1416 422 concordes
1439 391 1573 433 agunt,

230 443 421 488 spernitur
444 442 623 479 Parthus.

329 501 634 539 CONCUBINUS
668 503 835 546 (Catuli,
870 499 1315 550 Quintil„P1in.maj.)
1349 496 1399 536 dd
1431 498 1581 537 effemi-

233 565 324 595 nato
361 563 463 598 Ann.
485 566 548 607 13,
572 566 616 599 21
658 570 728 608 per
766 560 1012 597 concubinum
1044 561 1251 596 Atimetum
1290 566 1324 594 et
1364 559 1609 597 histrionem

235 618 425 663 Paridem.
450 640 499 646 —
548 619 832 656 Concubina
855 618 972 654 etiam
997 618 1099 666 apud
1125 617 1204 655 Cic.
1228 617 1382 665 legitur.
1386 613 1480 667 (ov
1490 597 1630 672 ἷγῖὒ)

330 677 604 714 CONCUSSUS
628 689 669 713 v.
694 678 996 714 convellere.

329 735 707 772 CONDEMNATOR
738 735 840 770 Ann.
859 732 895 780 4,
919 735 965 772 66
1001 733 1180 770 Claudiae
1210 734 1398 770 Pulchrae
1419 753 1469 762 ——-
1491 745 1584 772 con..

236 791 427 829 demnator
457 793 485 829 i.
511 805 544 828 e.
570 799 775 829 accusator.
821 794 970 828 Praeter
994 792 1033 827 h
1056 793 1185 827 locum
1209 790 1586 843 ap.'rertu11.1egi-

236 855 298 885 tur
321 863 366 886 ea
389 863 481 897 vox,
508 852 575 887 sed
599 851 646 887 de
669 851 808 898 judice,
835 850 904 899 qui
930 850 1171 886 condemnat.

332 909 617 954 CONDICERE,
652 921 732 947 vox
757 909 860 955 apud
893 908 1039 956 priores
1070 908 1228 957 quidem
1258 907 1463 954 rarissima,
1500 916 1587 954 „est

238 965 398 1004 dicendo
425 968 666 1013 denunciare,
690 973 743 1017 ‘ut
766 969 898 1004 Festus
923 966 1094 1014 exponit,
1128 967 1195 1003 sed
1219 966 1360 1002 dicitur
1383 967 1430 1002 de
1454 967 1502 1004 iis
1525 979 1587 1004 re-

237 1023 320 1069 bus,
347 1038 440 1074 quas
467 1026 741 1062 denunciamus
774 1025 894 1069 alteri,
920 1026 1026 1073 prius
1049 1031 1185 1060 mutuo
1222 1035 1409 1061 consensu
1441 1026 1587 1062 constiss

237 1088 375 1120 tutas.“
423 1087 480 1120 Ita
502 1091 602 1120 recte
625 1085 782 1119 Forcell.
806 1083 907 1119 Hinc
932 1082 1069 1119 dicitur
1093 1093 1290 1117 coenam
1314 1081 1585 1131 condicere,

236 1140 264 1176 i.
291 1154 323 1179 e.
350 1142 397 1177 ad
423 1154 580 1179 coenam
604 1142 833 1189 promittere,
866 1154 928 1189 ap.
955 1143 1071 1186 Suet„
1105 1143 1240 1186 Plaut„
1274 1140 1350 1177 cic.
1375 1133 1501 1187 (Far‘n.
1517 1148 1588 1188 1,9

239 1211 320 1235 cum
344 1202 439 1236 milei
463 1201 709 1244 condixisset,
738 1203 908 1236 coenavit
945 1201 1052 1248 apud
1082 1201 1161 1247 me)
1172 1215 1184 1244 ,·
1216 1205 1406 1246 tempus
1439 1206 1484 1235 et
1519 1202 1588 1236 lo·-

240 1269 351 1294 cum
375 1258 590 1294 coeundi
615 1257 877 1294 condicere
901 1270 963 1306 ap.
977 1258 1117 1294 Justin.
1132 1262 1225 1301 15,2
1250 1259 1366 1292 altero
1391 1257 1586 1303 suadente,
1624 1301 1629 1309 Κ

240 1318 356 1352 altero
380 1317 634 1364 approbante3
665 1317 923 1353 condicere
949 1315 1141 1365 aliquid
1166 1315 1216 1351 in
1241 1314 1367 1350 diem
1392 1315 1588 1352 tertium

205 1408 209 1409 ⁷
240 1375 301 1421 ap‘.
328 1377 424 1411 Gell.
445 1382 500 1420 10,
515 1376 574 1418 24.
599 1378 728 1424 Atque
760 1375 813 1411 ita
842 1375 998 1410 Tacitus
1025 1376 1150 1410 Germ.
1168 1379 1210 1415 11
1245 1385 1315 1409 nec
1346 1373 1490 1409 dierum
1515 1387 1590 1410 nu·—

239 1446 392 1480 merunJ,
426 1441 467 1469 ut
490 1448 572 1479 nos,
605 1434 672 1470 sed
697 1435 862 1470 noctium
887 1440 1119 1480 computant.
1165 1434 1229 1468 Sic
1253 1434 1500 1477 constituunt,
1533 1435 1606 1469 sic,

178 1523 186 1526 .
233 1493 460 1530 condicunt.
506 1495 563 1529 De
583 1505 625 1529 re
649 1506 688 1530 v.
718 1494 864 1528 Anton.
890 1497 1094 1527 comment.
1127 1490 1174 1526 ad
1209 1493 1255 1525 T.
1289 1492 1415 1525 Germ.
1446 1495 1588 1543 p.1175

242 1552 289 1587 de
313 1551 543 1596 discrimine,
569 1552 674 1600 quod
699 1551 896 1587 intercedit
922 1550 1021 1584 inter
1054 1547 1388 1584 constituendi
1419 1554 1456 1584 et
1480 1559 1591 1585 con-

241 1610 445 1647 dicendi
477 1609 584 1647 verb.
621 1612 736 1646 Gron.
772 1608 982 1645 Observatt.
1007 1614 1046 1650 1,
1073 1612 1106 1643 1.
1123 1645 1131 1648 ,
1154 1605 1273 1652 Apud
1305 1605 1461 1642 Livium
1482 1613 1523 1654 1,
1542 1613 1589 1646 32

242 1669 438 1704 condicere
462 1676 517 1704 est
541 1667 834 1704 denunciare
859 1677 960 1701 cum
985 1677 1140 1700 rerum
1167 1663 1485 1711 repetitione.

287 1727 585 1770 CONDITOR
611 1728 737 1762 Germ.
755 1730 800 1762 28
836 1724 883 1758 de
907 1722 1133 1770 Agrippina,
1166 1733 1255 1759 cum
1286 1722 1336 1760 sit
1366 1723 1589 1809 epicoenon,

242 1791 286 1821 ut
311 1792 454 1829 auctor,
480 1797 652 1832 sponsor.
702 1783 803 1820 Vide
827 1784 936 1817 Hess.
963 1782 1011 1816 ad
1035 1781 1075 1816 h,
1100 1782 1128 1816 1.

337 1843 624 1880 CONFECTOR
648 1843 725 1889 (ap.
758 1841 835 1878 Cic.
862 1842 1103 1888 negotiorum,
1131 1838 1216 1875 belli
1244 1838 1451 1886 confictor)
1486 1814 1590 1876 Anu.

246 1898 301 1944 14,
321 1906 368 1941 39
394 1901 480 1941 dua:
511 1907 547 1935 et
572 1902 760 1937 exercitus
783 1901 883 1935 tanti
908 1899 994 1934 belli
1019 1897 1224 1941 confector.
1380 1920 1382 1923 -

337 1959 601 1995 CONFIGERE
633 1974 680 1990 =
711 1957 998 1994 interficere
1031 1957 1133 1992 Aun.
1150 1962 1182 1999 1,
1201 1956 1224 1992 6
1256 1967 1367 2003 quem
1386 1975 1436 1983 —
1459 1963 1591 1993 centu-

242 2019 298 2052 rio
323 2029 435 2062 aegre
460 2016 640 2062 confecit,v
667 2014 755 2060 14,5
779 2014 985 2059 navalibus
1009 2014 1091 2048 telis
1117 2012 1342 2056 conficitur5
1365 2025 1426 2062 cp.
1442 2020 1463 2053 8
1487 2017 1590 2055 mul—

240 2078 290 2110 tis
321 2074 539 2111 vulneribus
573 2075 751 2120 ‘confecta
788 2080 852 2108 est.
901 2075 955 2107 Ita
992 2071 1070 2107 Cic.
1102 2071 1184 2108 Mil.
1209 2070 1254 2109 14
1287 2075 1367 2107 sica
1404 2074 1506 2108 illius
1537 2085 1592 2108 me

236 2145 360 2180 paene
385 2133 566 2177 confecit,-
597 2133 740 2167 Seneca
766 2132 813 2166 de
845 2131 901 2165 ira
914 2135 948 2172 3,
962 2134 1020 2166 20.
1035 2134 1102 2173 303
1136 2129 1233 2164 alios
1267 2130 1454 2177 quosdam
1483 2132 1590 2167 locos

242 2204 263 2227 e
290 2192 379 2234 Cic,
405 2193 537 2234 Plaut„
564 2190 744 2225 Suetonio
770 2191 991 2236 desumptus
1015 2200 1053 2225 v·
1080 2199 1142 2234 ap.
1168 2187 1328 2224 Forcell.
1501 2180 1503 2183 V

282 2252 285 2253 ’
337 2248 618 2285 CONFINIUM‘
633 2261 692 2296 ap.
721 2242 798 2285 cio'.
826 2255 862 2286 et
886 2250 995 2284 Varr.
1031 2246 1085 2281 de
1116 2243 1339 2281 terminis
1372 2244 1423 2280 in
1454 2257 1589 2293 prae-

242 2306 336 2342 diis
359 2306 588 2351 rusticis,
615 2309 851 2343 translate
875 2300 977 2353 apud
1002 2301 1149 2349 Vellei„
1185 2302 1314 2349 0vid.,
1349 2302 1446 2341 alios
1471 2316 1590 2352 quos-

244 2366 331 2400 dam
369 2371 511 2411 argent.
546 2364 691 2411 aetatis·
712 2366 811 2399 Ann.
834 2362 872 2408 4,
889 2369 934 2401 58
969 2374 1057 2398 mooe
1082 2362 1207 2407 patuit
1239 2359 1348 2395 breve
1381 2361 1591 2411 confinium

207 2418 212 2425 “
244 2427 338 2459 artis
363 2431 396 2458 et
409 2423 526 2469 falsi.
557 2423 612 2460 Cf.
637 2425 767 2458 locum
791 2433 813 2456 a
835 2422 992 2456 Forcell.
1019 2417 1325 2467 praetermissum
1348 2419 1434 2455 Sen.
1461 2421 1531 2468 Ep.
1544 2424 1590 2462 70

244 2481 446 2526 confinium
469 2482 744 2516 adolescentiae
768 2486 803 2514 et
827 2481 1037 2515 senectutis.

338 2540 674 2576 CONFLICTARE
691 2538 856 2573 maxime
875 2536 1080 2585 passivum,
1107 2541 1151 2570 ut
1169 2547 1231 2582 ap.
1246 2534 1401 2582 priores,
1421 2534 1488 2571 sed
1506 2546 1590 2572 sae-

245 2598 345 2646 pius,
377 2609 501 2646 neque
526 2598 638 2632 etiam
669 2597 888 2641 conflictare
912 2597 1080 2641 aliquam
1107 2606 1184 2629 rem
1213 2593 1314 2640 apud
1341 2605 1404 2630 eos
1429 2593 1589 2630 invene-

244 2658 309 2693 ris.
357 2659 456 2694 Ann.
478 2657 511 2701 6,
527 2654 571 2694 48
606 2658 670 2704 qui
704 2658 817 2702 plura
846 2666 915 2699 per
946 2654 1089 2688 scelera
1121 2664 1238 2699 remp.
1271 2651 1587 2696 covfiictavisset5

241 2727 300 2763 cp.
315 2721 358 2754 51
386 2716 510 2752 multis
545 2716 700 2751 aemulis
715 2709 966 2760 ‘conflictatus
990 2719 1060 2755 est3
1088 2717 1120 2754 1,
1132 2716 1177 2749 58
1202 2723 1274 2758 quo
1298 2722 1394 2747 mox
1416 2708 1583 2746 ludibrio
