1702 2982
241 234 290 270 lv
471 206 475 209 ⁷
666 222 668 225 ’
724 222 1119 284 Prolegomena

247 343 390 388 nelias
416 340 604 386 Tacitus
636 340 1016 400 eloquentissima*
1046 347 1092 384 et
1111 340 1236 400 quod
1253 339 1481 385 eximium!
1496 347 1595 383 ora-

191 470 193 473 ,
251 413 368 458 tiom'
384 416 480 475 ejus
502 412 634 466 inest,
666 409 895 469 σεμναῖς-*ζ
918 422 958 455 et
978 410 1163 472 ejusdem
1183 411 1280 457 libri
1300 429 1367 474 ep.
1388 422 1428 458 1.
1458 408 1595 465 „Hu-

208 481 211 483 i
240 487 322 548 jus
374 484 462 529 oiri
501 481 718 542 (Verginii
754 480 877 533 Ruti)
920 481 1167 542 exsequiae
1205 497 1420 542 magnum
1459 486 1597 529 orna·

253 562 452 599 mentam
477 552 690 613 principi,
722 568 934 611 magnum
964 552 1172 606 saeculo,
1211 569 1429 612 magnum
1457 551 1598 595 etiam

237 626 351 686 foro
375 632 420 668 et
446 624 617 668 nostris
650 623 915 667 attulerant.
977 621 1218 667 Laudatus
1250 629 1323 666 est
1353 639 1384 666 a
1414 622 1602 666 consule
1632 671 1647 682 s

260 696 465 741 Corneli-o
509 694 552 738 T
548 694 693 737 acz'to:
732 710 840 736 nam
877 692 948 738 lu'c
979 707 1214 751 supremus
1235 692 1469 753 felicitati
1500 694 1598 756 ejus

257 766 462 810 cumulus
496 764 711 818 accessit,
753 763 971 807 laudator
995 762 1442 823 eloquentissimus“.
1500 763 1601 824 Ipse

255 848 393 882 autem
432 845 609 897 quantus
646 833 770 878 fuerit
805 834 850 878 in
886 833 1103 895 principiis
1140 832 1455 895 rationibusque
1496 833 1598 878 artis

258 909 347 968 ejus
371 905 674 966 cognoscendis
696 905 848 967 probat
877 903 1048 983 dialogo
1079 920 1203 965 quem
1235 903 1402 965 scripsit
1432 903 1600 971 decan-5

194 989 201 997 ”
259 978 322 1023 sis
365 987 581 1037 corruptae
629 974 910 1037 eloquentiae,
960 985 1002 1019 et
1036 974 1080 1018 in
1119 973 1377 1019 orationibus
1422 989 1601 1036 quoque,

259 1064 363 1110 quas
395 1047 512 1091 libris
542 1045 752 1090 historicis
783 1044 969 1101 intexuit,
1001 1044 1230 1090 rhetoricae
1252 1044 1354 1090 artis
1383 1043 1602 1132 ingeniose

259 1119 436 1182 peritum
466 1115 587 1162 facile
618 1116 854 1176 agnoveris.
1395 1155 1397 1158 ,

375 1187 677 1232 Familiaritate
713 1203 810 1232 usus
855 1196 919 1230 est
954 1185 1067 1230 haud
1100 1185 1222 1230 dubie
1253 1201 1483 1247 paucorum
1511 1190 1605 1231 t’an·
1633 1218 1636 1222 ,

261 1259 492 1314 tummod0‚
525 1257 595 1319 qui
625 1256 880 1317 temporibus
911 1257 1004 1300 istis
1036 1256 1177 1301 virtuti
1207 1274 1236 1300 11
1238 1254 1367 1301 festis
1388 1256 1607 1318 antiquam

195 1364 197 1368 -
261 1331 517 1375 retinuerant
562 1342 726 1371 morum
773 1325 1055 1386 integritatem
1072 1333 1126 1379 ¹)
1201 1327 1318 1389 Inter
1366 1343 1472 1387 quos
1486 1325 1605 1406 pri·-

259 1417 373 1450 mum
402 1398 583 1443 fortasse
613 1397 795 1441 locum
783 1414 828 1441 1n
858 1397 1040 1442 amicitia
1071 1398 1159 1457 ejus
1191 1396 1409 1459 occupavit
1438 1376 1606 1441 Plinius

259 1471 410 1524 minor,
451 1469 516 1515 cui
550 1479 648 1530 post
693 1468 833 1530 ipsum
871 1467 1077 1511 maximus
1118 1466 1163 1511 in
1202 1466 1343 1511 rebus
1357 1467 1413 1511 ad
1442 1462 1634 1512 litteras

262 1552 476 1602 artemque
507 1538 757 1583 rhetoricam
788 1538 1090 1599 pertinentibus
1123 1553 1174 1581 ea
1205 1547 1455 1599 tempestate
1485 1536 1606 1582 habi-

261 1623 327 1656 tus
359 1627 452 1655 esse
483 1609 643 1654 videtur
673 1608 808 1653 honos
825 1615 886 1664 ²),
928 1619 968 1653 et
1006 1626 1098 1653 cum
1131 1623 1212 1669 quo
1242 1617 1513 1652 monumenta
1541 1608 1608 1652 in-

263 1680 374 1743 genii
429 1679 692 1725 familiariter
746 1678 1148 1731 communicabat3).
1220 1677 1360 1738 Hujus
1409 1694 1609 1742 pra-ecep-
1667 1686 1671 1690 ⁴

263 1751 346 1796 tori
394 1761 518 1812 atque
560 1749 695 1794 amico
710 1755 770 1804 ⁴),
816 1747 1107 1807 Quintiliano,
1150 1746 1309 1792 rhetori
1345 1746 1607 1794 nobilissimo

266 1821 437 1883 viroque
470 1819 630 1882 optimo
663 1820 863 1865 Tacitum
894 1830 935 1864 ct
964 1830 1108 1863 notum
1140 1828 1345 1876 et‘carum
1368 1816 1498 1863 fuisse
1520 1833 1608 1882 non

305 1999 342 2045 ¹)
367 1998 424 2035 Cf.
456 1998 556 2034 Plin.
589 1999 657 2044 Ep.
680 1996 723 2040 lt,
766 2001 811 2034 15
841 1997 1016 2031 Asinium
1052 1994 1201 2040 Rufum
1232 1995 1476 2043 singulariter
1507 2009 1608 2034 amo.

364 2060 434 2094 Est
457 2058 569 2093 homo
595 2058 757 2092 eximius
781 2062 814 2090 et
838 2055 1020 2090 banorum
1052 2055 1353 2091 amantissimus.
1401 2058 1477 2091 eur
1506 2058 1608 2093 enim

363 2127 440 2151 non
471 2127 532 2150 me
564 2115 706 2161 quoque
739 2115 834 2149 inter
860 2113 974 2148 bonos
997 2115 1215 2147 numerem?
1264 2113 1371 2149 Idem
1397 2117 1608 2153 Cornelium

363 2176 548 2219 Tacitum,
574 2174 650 2208 scis·
670 2184 778 2220 quem
801 2172 939 2214 virum,
966 2178 1075 2205 arcta
1092 2170 1364 2217 familiaritate
1387 2163 1609 2222 complex-ias

361 2239 426 2268 est.
475 2231 639 2267 Proinde
662 2232 694 2264 si
718 2237 914 2276 utrumque
937 2237 1107 2265 nostrum
1137 2231 1274 2278 probas
1282 2257 1301 2275 ‚‚
1328 2231 1375 2267 de
1405 2232 1508 2279 Rufo
1539 2247 1609 2270 ne·-

365 2302 465 2325 cesse
489 2297 542 2325 est
565 2290 665 2325 idem
691 2289 850 2331 sentim,
882 2300 968 2323 cum
1004 2290 1053 2323 sit
1085 2288 1139 2324 ad
1170 2291 1447 2327 connectendas
1470 2295 1609 2330 amici-

359 2351 432 2384 tias
463 2349 523 2384 vel
552 2343 833 2383 tenacissimum
865 2342 1057 2383 vinculum
1093 2361 1243 2385 morum
1283 2351 1500 2394 similitudo.
1554 2354 1603 2389 Vt.

362 2405 477 2441 etiam
502 2406 570 2453 Ep.
584 2411 618 2449 5,
647 2403 764 2449 15,·4.

295 2476 334 2522 ²)
359 2475 416 2512 Cf.
442 2475 540 2511 Plin.
567 2477 636 2522 Ep.
655 2479 698 2518 9,
726 2479 785 2512 23.
1197 2469 1209 2486 ⁸

293 2547 329 2593 ³)
351 2546 410 2583 Cf.
436 2546 531 2581 Plin.
556 2547 623 2591 Ep.
655 2547 686 2588 7,
713 2549 778 2590 2ος
807 2552 840 2591 8,
870 2552 901 2588 7.
938 2550 1084 2584 Praeter
1111 2549 1181 2586 has
1205 2549 1465 2597 inspiciendae
1488 2550 1605 2587 etim

357 2609 465 2648 sunt,
491 2603 698 2647 maximam
723 2611 867 2651 partem
893 2606 967 2654 ipsi
991 2608 1122 2644 Tacito
1143 2609 1305 2656 scriptae
1332 2615 1372 2653 1,
1398 2610 1432 2648 6.
1464 2614 1531 2656 203
1565 2613 1601 2654 2,

359 2668 392 2698 1.
423 2668 487 2707 113
512 2660 546 2705 4,
576 2667 632 2702 13
661 2668 845 2708 15‚0,9.
873 2666 928 2703 16.
954 2671 1024 2713 20,
1054 2671 1181 2714 7‚33;
1206 2672 1328 2732 9,1o.
1356 2665 1413 2710 14.

287 2731 322 2775 ⁴)
350 2731 405 2770 Cf.
429 2731 525 2768 Ptin.
551 2733 619 2780 Ep.
635 2736 676 2776 2,
706 2731 761 2771 14.
