<?xml version="1.0" encoding="UTF-8"?>
<!DOCTYPE html PUBLIC "-//W3C//DTD XHTML 1.0 Transitional//EN"
    "http://www.w3.org/TR/xhtml1/DTD/xhtml1-transitional.dtd">
<html xmlns="http://www.w3.org/1999/xhtml" xml:lang="en" lang="en">
 <head>
  <title>
</title>
<meta http-equiv="Content-Type" content="text/html;charset=utf-8" />
  <meta name='ocr-system' content='tesseract 3.04.00' />
  <meta name='ocr-capabilities' content='ocr_page ocr_carea ocr_par ocr_line ocrx_word'/>
</head>
<body>
  <div class='ocr_page' id='page_1' title='image "./lexicontaciteums00boetuoft/lexicontaciteums00boetuoft_0048.png"; bbox 0 0 1702 2982; ppageno 0'>
   <div class='ocr_carea' id='block_1_1' title="bbox 184 199 1086 266">
    <p class='ocr_par' dir='ltr' id='par_1_1' title="bbox 184 199 1086 266">
     <span class='ocr_line' id='line_1_1' title="bbox 184 199 1086 266; baseline -0.001 -20"><span class='ocrx_word' id='word_1_1' title='bbox 184 216 188 221; x_wconf 68' lang='lat'><strong><em>‘</em></strong></span> <span class='ocrx_word' id='word_1_2' title='bbox 225 210 374 247; x_wconf 84' lang='lat' dir='ltr'>XXVIII</span> <span class='ocrx_word' id='word_1_3' title='bbox 637 234 640 239; x_wconf 81' lang='lat'><em>,</em></span> <span class='ocrx_word' id='word_1_4' title='bbox 698 199 1086 266; x_wconf 82' lang='lat' dir='ltr'><strong>Prolegomena</strong></span> 
     </span>
    </p>
   </div>
   <div class='ocr_carea' id='block_1_2' title="bbox 341 306 1598 380">
    <p class='ocr_par' dir='ltr' id='par_1_2' title="bbox 341 306 1598 380">
     <span class='ocr_line' id='line_1_2' title="bbox 341 306 1598 380; baseline 0 -17"><span class='ocrx_word' id='word_1_5' title='bbox 341 319 472 364; x_wconf 84' lang='lat' dir='ltr'><strong>Haud</strong></span> <span class='ocrx_word' id='word_1_6' title='bbox 501 321 640 364; x_wconf 91' lang='lat' dir='ltr'><strong>minus</strong></span> <span class='ocrx_word' id='word_1_7' title='bbox 673 334 800 380; x_wconf 86' lang='lat' dir='ltr'><strong>saepe</strong></span> <span class='ocrx_word' id='word_1_8' title='bbox 833 306 1009 364; x_wconf 75' lang='lat' dir='ltr'><strong>Tacitus</strong></span> <span class='ocrx_word' id='word_1_9' title='bbox 1040 318 1302 364; x_wconf 90' lang='lat' dir='ltr'><strong>insimulatus</strong></span> <span class='ocrx_word' id='word_1_10' title='bbox 1325 328 1388 364; x_wconf 92' lang='lat' dir='ltr'><strong>est</strong></span> <span class='ocrx_word' id='word_1_11' title='bbox 1407 314 1598 364; x_wconf 76' lang='lat' dir='ltr'><strong>nimiae‘</strong></span> 
     </span>
    </p>
   </div>
   <div class='ocr_carea' id='block_1_3' title="bbox 224 389 1643 450">
    <p class='ocr_par' dir='ltr' id='par_1_3' title="bbox 224 389 1643 450">
     <span class='ocr_line' id='line_1_3' title="bbox 224 389 1643 450; baseline -0.002 -14"><span class='ocrx_word' id='word_1_12' title='bbox 224 389 456 440; x_wconf 84' lang='lat' dir='ltr'><strong>severitatis</strong></span> <span class='ocrx_word' id='word_1_13' title='bbox 476 400 518 435; x_wconf 90' lang='lat' dir='ltr'><strong>et</strong></span> <span class='ocrx_word' id='word_1_14' title='bbox 536 389 822 435; x_wconf 82' lang='lat' dir='ltr'><strong>amaritudinis</strong></span> <span class='ocrx_word' id='word_1_15' title='bbox 852 390 1067 450; x_wconf 87' lang='lat' dir='ltr'><strong>cujusdam</strong></span> <span class='ocrx_word' id='word_1_16' title='bbox 1096 390 1139 434; x_wconf 88' lang='lat' dir='ltr'><strong>in</strong></span> <span class='ocrx_word' id='word_1_17' title='bbox 1171 406 1270 435; x_wconf 84' lang='lat' dir='ltr'><strong>suae</strong></span> <span class='ocrx_word' id='word_1_18' title='bbox 1302 389 1450 437; x_wconf 83' lang='lat' dir='ltr'><strong>aetatis</strong></span> <span class='ocrx_word' id='word_1_19' title='bbox 1470 405 1565 434; x_wconf 83' lang='lat' dir='ltr'><strong>mo—</strong></span> <span class='ocrx_word' id='word_1_20' title='bbox 1631 431 1643 447; x_wconf 54' lang='grc' dir='ltr'><em>Ι</em></span> 
     </span>
    </p>
   </div>
   <div class='ocr_carea' id='block_1_4' title="bbox 221 460 1566 524">
    <p class='ocr_par' dir='ltr' id='par_1_4' title="bbox 221 460 1566 524">
     <span class='ocr_line' id='line_1_4' title="bbox 221 460 1566 524; baseline -0.001 -18"><span class='ocrx_word' id='word_1_21' title='bbox 221 461 338 506; x_wconf 83' lang='lat' dir='ltr'><strong>ribus</strong></span> <span class='ocrx_word' id='word_1_22' title='bbox 370 460 648 521; x_wconf 85' lang='lat' dir='ltr'><strong>dijudicandis</strong></span> <span class='ocrx_word' id='word_1_23' title='bbox 658 495 671 516; x_wconf 91' lang='lat'><strong>,</strong></span> <span class='ocrx_word' id='word_1_24' title='bbox 709 460 910 522; x_wconf 86' lang='lat' dir='ltr'><strong>nimiique</strong></span> <span class='ocrx_word' id='word_1_25' title='bbox 946 477 1032 521; x_wconf 88' lang='lat' dir='ltr'><strong>quo</strong></span> <span class='ocrx_word' id='word_1_26' title='bbox 1067 461 1300 524; x_wconf 87' lang='lat' dir='ltr'><strong>priscorum</strong></span> <span class='ocrx_word' id='word_1_27' title='bbox 1329 472 1566 523; x_wconf 87' lang='lat' dir='ltr'><strong>temporum</strong></span> 
     </span>
    </p>
   </div>
   <div class='ocr_carea' id='block_1_5' title="bbox 222 530 1697 597">
    <p class='ocr_par' dir='ltr' id='par_1_5' title="bbox 222 530 1697 597">
     <span class='ocr_line' id='line_1_5' title="bbox 222 530 1697 597; baseline 0 -22"><span class='ocrx_word' id='word_1_28' title='bbox 222 532 471 576; x_wconf 82' lang='lat' dir='ltr'><strong>memoriam</strong></span> <span class='ocrx_word' id='word_1_29' title='bbox 507 541 752 594; x_wconf 89' lang='lat' dir='ltr'><strong>prosecutus</strong></span> <span class='ocrx_word' id='word_1_30' title='bbox 792 531 846 575; x_wconf 89' lang='lat' dir='ltr'><strong>sit</strong></span> <span class='ocrx_word' id='word_1_31' title='bbox 885 530 1082 586; x_wconf 85' lang='lat' dir='ltr'><strong>studii¹).</strong></span> <span class='ocrx_word' id='word_1_32' title='bbox 1142 531 1228 576; x_wconf 89' lang='lat' dir='ltr'><strong>Sed</strong></span> <span class='ocrx_word' id='word_1_33' title='bbox 1267 532 1337 594; x_wconf 87' lang='lat' dir='ltr'><strong>qui</strong></span> <span class='ocrx_word' id='word_1_34' title='bbox 1366 531 1424 576; x_wconf 90' lang='lat' dir='ltr'><strong>ita</strong></span> <span class='ocrx_word' id='word_1_35' title='bbox 1453 530 1572 590; x_wconf 63' lang='lat' dir='ltr'><strong>judi-¹</strong></span> <span class='ocrx_word' id='word_1_36' title='bbox 1598 545 1637 597; x_wconf 51' lang='lat'><strong>‘&#39;</strong></span> <span class='ocrx_word' id='word_1_37' title='bbox 1692 542 1697 547; x_wconf 90' lang='lat'><em>&#39;</em></span> 
     </span>
    </p>
   </div>
   <div class='ocr_carea' id='block_1_6' title="bbox 188 596 1613 1863">
    <p class='ocr_par' dir='ltr' id='par_1_6' title="bbox 188 596 1613 1863">
     <span class='ocr_line' id='line_1_6' title="bbox 224 596 1566 663; baseline 0 -17"><span class='ocrx_word' id='word_1_38' title='bbox 224 612 346 658; x_wconf 89' lang='lat' dir='ltr'><strong>cant,</strong></span> <span class='ocrx_word' id='word_1_39' title='bbox 387 602 575 663; x_wconf 90' lang='lat' dir='ltr'><strong>iniquum</strong></span> <span class='ocrx_word' id='word_1_40' title='bbox 604 601 795 663; x_wconf 87' lang='lat' dir='ltr'><strong>partium</strong></span> <span class='ocrx_word' id='word_1_41' title='bbox 822 601 1004 645; x_wconf 82' lang='lat' dir='ltr'><strong>studium</strong></span> <span class='ocrx_word' id='word_1_42' title='bbox 1042 601 1275 646; x_wconf 83' lang='lat' dir='ltr'><strong>discernere</strong></span> <span class='ocrx_word' id='word_1_43' title='bbox 1311 596 1503 648; x_wconf 82' lang='lat' dir='ltr'><strong>nesciunt</strong></span> <span class='ocrx_word' id='word_1_44' title='bbox 1539 616 1566 646; x_wconf 83' lang='lat' dir='ltr'><strong>a</strong></span> 
     </span>
     <span class='ocr_line' id='line_1_7' title="bbox 222 658 1567 734; baseline -0.001 -17"><span class='ocrx_word' id='word_1_45' title='bbox 222 674 336 733; x_wconf 81' lang='lat' dir='ltr'><strong>justa</strong></span> <span class='ocrx_word' id='word_1_46' title='bbox 371 672 673 733; x_wconf 82' lang='lat' dir='ltr'><strong>indignatione.</strong></span> <span class='ocrx_word' id='word_1_47' title='bbox 735 670 886 734; x_wconf 86' lang='lat' dir='ltr'><strong>Neque</strong></span> <span class='ocrx_word' id='word_1_48' title='bbox 927 671 1152 732; x_wconf 89' lang='lat' dir='ltr'><strong>quisquam</strong></span> <span class='ocrx_word' id='word_1_49' title='bbox 1187 683 1252 716; x_wconf 90' lang='lat' dir='ltr'><strong>est</strong></span> <span class='ocrx_word' id='word_1_50' title='bbox 1279 673 1388 717; x_wconf 79' lang='lat' dir='ltr'><strong>inter</strong></span> <span class='ocrx_word' id='word_1_51' title='bbox 1417 658 1567 717; x_wconf 83' lang='lat' dir='ltr'><strong>onines</strong></span> 
     </span>
     <span class='ocr_line' id='line_1_8' title="bbox 225 741 1567 804; baseline 0.001 -17"><span class='ocrx_word' id='word_1_52' title='bbox 225 743 486 804; x_wconf 84' lang='lat' dir='ltr'><strong>antiquitatis</strong></span> <span class='ocrx_word' id='word_1_53' title='bbox 509 743 748 804; x_wconf 83' lang='lat' dir='ltr'><strong>scn‘ptores,</strong></span> <span class='ocrx_word' id='word_1_54' title='bbox 783 742 853 804; x_wconf 83' lang='lat' dir='ltr'><strong>qui</strong></span> <span class='ocrx_word' id='word_1_55' title='bbox 874 759 924 786; x_wconf 90' lang='lat' dir='ltr'><strong>ea</strong></span> <span class='ocrx_word' id='word_1_56' title='bbox 943 741 1121 797; x_wconf 83' lang='lat' dir='ltr'><strong>refellat,</strong></span> <span class='ocrx_word' id='word_1_57' title='bbox 1154 757 1260 803; x_wconf 90' lang='lat' dir='ltr'><strong>quae</strong></span> <span class='ocrx_word' id='word_1_58' title='bbox 1293 742 1345 787; x_wconf 93' lang='lat' dir='ltr'><strong>de</strong></span> <span class='ocrx_word' id='word_1_59' title='bbox 1377 743 1444 788; x_wconf 85' lang='lat' dir='ltr'><strong>sui</strong></span> <span class='ocrx_word' id='word_1_60' title='bbox 1474 743 1567 788; x_wconf 78' lang='lat' dir='ltr'><strong>aevi</strong></span> 
     </span>
     <span class='ocr_line' id='line_1_9' title="bbox 220 812 1577 875; baseline -0.002 -17"><span class='ocrx_word' id='word_1_61' title='bbox 220 813 334 858; x_wconf 69' lang='lat' dir='ltr'><strong>*vitiis</strong></span> <span class='ocrx_word' id='word_1_62' title='bbox 366 813 718 875; x_wconf 80' lang='lat' dir='ltr'><strong>foeditatibusque</strong></span> <span class='ocrx_word' id='word_1_63' title='bbox 749 812 924 859; x_wconf 89' lang='lat' dir='ltr'><strong>Tacitus</strong></span> <span class='ocrx_word' id='word_1_64' title='bbox 961 812 1187 858; x_wconf 83' lang='lat' dir='ltr'><strong>memoriae</strong></span> <span class='ocrx_word' id='word_1_65' title='bbox 1224 813 1431 875; x_wconf 78' lang='lat' dir='ltr'><strong>prodidit,</strong></span> <span class='ocrx_word' id='word_1_66' title='bbox 1471 820 1577 859; x_wconf 63' lang='lat' dir='ltr'><strong>cuni,</strong></span> 
     </span>
     <span class='ocr_line' id='line_1_10' title="bbox 222 883 1564 946; baseline -0.001 -17"><span class='ocrx_word' id='word_1_67' title='bbox 222 884 314 946; x_wconf 88' lang='lat' dir='ltr'><strong>ipse</strong></span> <span class='ocrx_word' id='word_1_68' title='bbox 344 896 488 930; x_wconf 89' lang='lat' dir='ltr'><strong>contra</strong></span> <span class='ocrx_word' id='word_1_69' title='bbox 518 895 559 929; x_wconf 88' lang='lat' dir='ltr'><strong>et</strong></span> <span class='ocrx_word' id='word_1_70' title='bbox 587 884 737 929; x_wconf 79' lang='lat' dir='ltr'><strong>ultima</strong></span> <span class='ocrx_word' id='word_1_71' title='bbox 765 883 1019 945; x_wconf 89' lang='lat' dir='ltr'><strong>reipublicae</strong></span> <span class='ocrx_word' id='word_1_72' title='bbox 1051 900 1214 945; x_wconf 86' lang='lat' dir='ltr'><strong>quoque</strong></span> <span class='ocrx_word' id='word_1_73' title='bbox 1245 894 1439 946; x_wconf 85' lang='lat' dir='ltr'><strong>tempora</strong></span> <span class='ocrx_word' id='word_1_74' title='bbox 1466 890 1564 946; x_wconf 76' lang='lat' dir='ltr'><strong>per-</strong></span> 
     </span>
     <span class='ocr_line' id='line_1_11' title="bbox 223 954 1565 1019; baseline 0.001 -21"><span class='ocrx_word' id='word_1_75' title='bbox 223 954 489 1019; x_wconf 54' lang='lat' dir='ltr'><strong>horrescatff)</strong></span> <span class='ocrx_word' id='word_1_76' title='bbox 522 965 563 1000; x_wconf 84' lang='lat' dir='ltr'><strong>et</strong></span> <span class='ocrx_word' id='word_1_77' title='bbox 591 955 636 999; x_wconf 92' lang='lat' dir='ltr'><strong>in</strong></span> <span class='ocrx_word' id='word_1_78' title='bbox 666 966 850 1000; x_wconf 85' lang='lat' dir='ltr'><strong>veterum</strong></span> <span class='ocrx_word' id='word_1_79' title='bbox 879 969 1167 1015; x_wconf 89' lang='lat' dir='ltr'><strong>novorumque</strong></span> <span class='ocrx_word' id='word_1_80' title='bbox 1198 970 1361 999; x_wconf 86' lang='lat' dir='ltr'><strong>morum</strong></span> <span class='ocrx_word' id='word_1_81' title='bbox 1396 965 1565 1016; x_wconf 89' lang='lat' dir='ltr'><strong>reputa-</strong></span> 
     </span>
     <span class='ocr_line' id='line_1_12' title="bbox 227 1025 1579 1088; baseline -0.002 -18"><span class='ocrx_word' id='word_1_82' title='bbox 227 1025 341 1087; x_wconf 73' lang='lat' dir='ltr'><strong>tione</strong></span> <span class='ocrx_word' id='word_1_83' title='bbox 372 1025 485 1070; x_wconf 91' lang='lat' dir='ltr'><strong>haud</strong></span> <span class='ocrx_word' id='word_1_84' title='bbox 506 1026 663 1071; x_wconf 82' lang='lat' dir='ltr'><strong>occulte</strong></span> <span class='ocrx_word' id='word_1_85' title='bbox 682 1026 941 1088; x_wconf 88' lang='lat' dir='ltr'><strong>profiteatur,</strong></span> <span class='ocrx_word' id='word_1_86' title='bbox 972 1026 1059 1085; x_wconf 86' lang='lat' dir='ltr'><strong>jam</strong></span> <span class='ocrx_word' id='word_1_87' title='bbox 1080 1025 1245 1086; x_wconf 84' lang='lat' dir='ltr'><strong>pridem</strong></span> <span class='ocrx_word' id='word_1_88' title='bbox 1264 1025 1433 1070; x_wconf 85' lang='lat' dir='ltr'><strong>insitam</strong></span> <span class='ocrx_word' id='word_1_89' title='bbox 1453 1042 1579 1071; x_wconf 43' lang='lat' dir='ltr'><strong>mor»</strong></span> 
     </span>
     <span class='ocr_line' id='line_1_13' title="bbox 222 1095 1613 1158; baseline 0.002 -18"><span class='ocrx_word' id='word_1_90' title='bbox 222 1096 378 1141; x_wconf 81' lang='lat' dir='ltr'><strong>talibus</strong></span> <span class='ocrx_word' id='word_1_91' title='bbox 419 1096 630 1158; x_wconf 83' lang='lat' dir='ltr'><strong>potentiae</strong></span> <span class='ocrx_word' id='word_1_92' title='bbox 667 1096 905 1158; x_wconf 88' lang='lat' dir='ltr'><strong>cupidinem</strong></span> <span class='ocrx_word' id='word_1_93' title='bbox 942 1113 1036 1140; x_wconf 89' lang='lat' dir='ltr'><strong>cum</strong></span> <span class='ocrx_word' id='word_1_94' title='bbox 1074 1095 1240 1157; x_wconf 87' lang='lat' dir='ltr'><strong>imperii</strong></span> <span class='ocrx_word' id='word_1_95' title='bbox 1278 1096 1566 1156; x_wconf 77' lang='lat' dir='ltr'><strong>magnitudine</strong></span> <span class='ocrx_word' id='word_1_96' title='bbox 1604 1137 1613 1146; x_wconf 29' lang='lat' dir='ltr'><strong>t</strong></span> 
     </span>
     <span class='ocr_line' id='line_1_14' title="bbox 221 1165 1568 1228; baseline 0.001 -16"><span class='ocrx_word' id='word_1_97' title='bbox 221 1178 387 1212; x_wconf 82' lang='lat' dir='ltr'><strong>auctam</strong></span> <span class='ocrx_word' id='word_1_98' title='bbox 417 1174 556 1212; x_wconf 85' lang='lat' dir='ltr'><strong>mores</strong></span> <span class='ocrx_word' id='word_1_99' title='bbox 589 1167 738 1213; x_wconf 87' lang='lat' dir='ltr'><strong>civium</strong></span> <span class='ocrx_word' id='word_1_100' title='bbox 768 1165 1005 1228; x_wconf 81' lang='lat' dir='ltr'><strong>corrupisse</strong></span> <span class='ocrx_word' id='word_1_101' title='bbox 1019 1173 1078 1221; x_wconf 84' lang='lat'><strong>3),</strong></span> <span class='ocrx_word' id='word_1_102' title='bbox 1109 1167 1154 1210; x_wconf 89' lang='lat' dir='ltr'><strong>in</strong></span> <span class='ocrx_word' id='word_1_103' title='bbox 1185 1165 1264 1212; x_wconf 88' lang='lat' dir='ltr'><strong>hoc</strong></span> <span class='ocrx_word' id='word_1_104' title='bbox 1283 1183 1366 1211; x_wconf 89' lang='lat' dir='ltr'><strong>uno</strong></span> <span class='ocrx_word' id='word_1_105' title='bbox 1387 1165 1568 1214; x_wconf 73' lang='lat' dir='ltr'><strong>fortasse</strong></span> 
     </span>
     <span class='ocr_line' id='line_1_15' title="bbox 223 1237 1565 1300; baseline -0.001 -16"><span class='ocrx_word' id='word_1_106' title='bbox 223 1256 318 1284; x_wconf 90' lang='lat' dir='ltr'><strong>cum</strong></span> <span class='ocrx_word' id='word_1_107' title='bbox 339 1237 464 1282; x_wconf 83' lang='lat' dir='ltr'><strong>Livio</strong></span> <span class='ocrx_word' id='word_1_108' title='bbox 485 1238 660 1300; x_wconf 86' lang='lat' dir='ltr'><strong>aliisque</strong></span> <span class='ocrx_word' id='word_1_109' title='bbox 690 1249 876 1284; x_wconf 87' lang='lat' dir='ltr'><strong>veterum</strong></span> <span class='ocrx_word' id='word_1_110' title='bbox 905 1237 1043 1282; x_wconf 87' lang='lat' dir='ltr'><strong>minus</strong></span> <span class='ocrx_word' id='word_1_111' title='bbox 1075 1253 1232 1298; x_wconf 84' lang='lat' dir='ltr'><strong>aequus</strong></span> <span class='ocrx_word' id='word_1_112' title='bbox 1263 1255 1400 1298; x_wconf 35' lang='lat' dir='ltr'><strong>reru-m</strong></span> <span class='ocrx_word' id='word_1_113' title='bbox 1422 1238 1565 1298; x_wconf 73' lang='lat' dir='ltr'><strong>judeX,</strong></span> 
     </span>
     <span class='ocr_line' id='line_1_16' title="bbox 224 1307 1568 1371; baseline 0.001 -19"><span class='ocrx_word' id='word_1_114' title='bbox 224 1309 338 1370; x_wconf 91' lang='lat' dir='ltr'><strong>quod</strong></span> <span class='ocrx_word' id='word_1_115' title='bbox 375 1325 698 1371; x_wconf 87' lang='lat' dir='ltr'><strong>nonnunquam,</strong></span> <span class='ocrx_word' id='word_1_116' title='bbox 737 1308 927 1353; x_wconf 87' lang='lat' dir='ltr'><strong>Romani</strong></span> <span class='ocrx_word' id='word_1_117' title='bbox 963 1307 1148 1351; x_wconf 90' lang='lat' dir='ltr'><strong>nominis</strong></span> <span class='ocrx_word' id='word_1_118' title='bbox 1194 1307 1354 1367; x_wconf 84' lang='lat' dir='ltr'><strong>gloriae</strong></span> <span class='ocrx_word' id='word_1_119' title='bbox 1394 1308 1568 1354; x_wconf 86' lang='lat' dir='ltr'><strong>nimium</strong></span> 
     </span>
     <span class='ocr_line' id='line_1_17' title="bbox 220 1377 1566 1440; baseline 0 -16"><span class='ocrx_word' id='word_1_120' title='bbox 220 1377 459 1440; x_wconf 87' lang='lat' dir='ltr'><strong>indulgens,</strong></span> <span class='ocrx_word' id='word_1_121' title='bbox 500 1396 568 1424; x_wconf 90' lang='lat' dir='ltr'><strong>res</strong></span> <span class='ocrx_word' id='word_1_122' title='bbox 601 1380 802 1424; x_wconf 88' lang='lat' dir='ltr'><strong>adversus</strong></span> <span class='ocrx_word' id='word_1_123' title='bbox 832 1378 1035 1423; x_wconf 83' lang='lat' dir='ltr'><strong>barbaros</strong></span> <span class='ocrx_word' id='word_1_124' title='bbox 1067 1388 1207 1438; x_wconf 83' lang='lat' dir='ltr'><strong>gestas</strong></span> <span class='ocrx_word' id='word_1_125' title='bbox 1238 1378 1348 1422; x_wconf 84' lang='lat' dir='ltr'><strong>ultra</strong></span> <span class='ocrx_word' id='word_1_126' title='bbox 1378 1379 1566 1424; x_wconf 84' lang='lat' dir='ltr'><strong>veritatis</strong></span> 
     </span>
     <span class='ocr_line' id='line_1_18' title="bbox 222 1441 1568 1510; baseline 0.001 -15"><span class='ocrx_word' id='word_1_127' title='bbox 222 1441 423 1495; x_wconf 83' lang='lat' dir='ltr'><strong>terminos</strong></span> <span class='ocrx_word' id='word_1_128' title='bbox 456 1450 684 1504; x_wconf 71' lang='lat' dir='ltr'><strong>extollit4).</strong></span> <span class='ocrx_word' id='word_1_129' title='bbox 715 1478 772 1486; x_wconf 90' lang='lat'>—</span> <span class='ocrx_word' id='word_1_130' title='bbox 833 1449 915 1494; x_wconf 88' lang='lat' dir='ltr'><strong>Est</strong></span> <span class='ocrx_word' id='word_1_131' title='bbox 953 1448 1232 1493; x_wconf 80' lang='lat' dir='ltr'><strong>sane·acerbi</strong></span> <span class='ocrx_word' id='word_1_132' title='bbox 1271 1459 1394 1510; x_wconf 88' lang='lat' dir='ltr'><strong>atque</strong></span> <span class='ocrx_word' id='word_1_133' title='bbox 1433 1451 1568 1496; x_wconf 75' lang='lat' dir='ltr'><strong>ainari</strong></span> 
     </span>
     <span class='ocr_line' id='line_1_19' title="bbox 188 1519 1567 1582; baseline -0.001 -16"><span class='ocrx_word' id='word_1_134' title='bbox 188 1567 198 1571; x_wconf 76' lang='grc'><strong><em>,</em></strong></span> <span class='ocrx_word' id='word_1_135' title='bbox 224 1521 383 1582; x_wconf 82' lang='lat' dir='ltr'><strong>aliquid</strong></span> <span class='ocrx_word' id='word_1_136' title='bbox 414 1521 456 1564; x_wconf 90' lang='lat' dir='ltr'><strong>in</strong></span> <span class='ocrx_word' id='word_1_137' title='bbox 487 1532 596 1574; x_wconf 87' lang='lat' dir='ltr'><strong>tota,</strong></span> <span class='ocrx_word' id='word_1_138' title='bbox 641 1537 723 1582; x_wconf 91' lang='lat' dir='ltr'><strong>qua</strong></span> <span class='ocrx_word' id='word_1_139' title='bbox 754 1520 853 1565; x_wconf 87' lang='lat' dir='ltr'><strong>vitia</strong></span> <span class='ocrx_word' id='word_1_140' title='bbox 878 1520 1108 1580; x_wconf 74' lang='lat' dir='ltr'><strong>vfoedasque</strong></span> <span class='ocrx_word' id='word_1_141' title='bbox 1139 1519 1364 1581; x_wconf 84' lang='lat' dir='ltr'><strong>pravitates</strong></span> <span class='ocrx_word' id='word_1_142' title='bbox 1396 1535 1567 1566; x_wconf 87' lang='lat' dir='ltr'><strong>suorum</strong></span> 
     </span>
     <span class='ocr_line' id='line_1_20' title="bbox 223 1590 1568 1652; baseline -0.001 -15"><span class='ocrx_word' id='word_1_143' title='bbox 223 1603 458 1652; x_wconf 83' lang='lat' dir='ltr'><strong>temporum</strong></span> <span class='ocrx_word' id='word_1_144' title='bbox 489 1591 632 1652; x_wconf 86' lang='lat' dir='ltr'><strong>plectit</strong></span> <span class='ocrx_word' id='word_1_145' title='bbox 661 1592 895 1644; x_wconf 78' lang='lat' dir='ltr'><strong>ratione⁵);</strong></span> <span class='ocrx_word' id='word_1_146' title='bbox 927 1590 1223 1634; x_wconf 87' lang='lat' dir='ltr'><strong>ardentissimo</strong></span> <span class='ocrx_word' id='word_1_147' title='bbox 1254 1591 1568 1636; x_wconf 74' lang='lat' dir='ltr'><strong>contfa&#39;studio</strong></span> 
     </span>
     <span class='ocr_line' id='line_1_21' title="bbox 223 1660 1568 1722; baseline 0 -15"><span class='ocrx_word' id='word_1_148' title='bbox 223 1673 269 1707; x_wconf 88' lang='lat' dir='ltr'><strong>ut</strong></span> <span class='ocrx_word' id='word_1_149' title='bbox 300 1678 445 1708; x_wconf 89' lang='lat' dir='ltr'><strong>omnes</strong></span> <span class='ocrx_word' id='word_1_150' title='bbox 477 1662 670 1716; x_wconf 89' lang='lat' dir='ltr'><strong>omnino,</strong></span> <span class='ocrx_word' id='word_1_151' title='bbox 707 1661 768 1705; x_wconf 89' lang='lat' dir='ltr'><strong>ita</strong></span> <span class='ocrx_word' id='word_1_152' title='bbox 813 1662 991 1706; x_wconf 84' lang='lat' dir='ltr'><strong>maxime</strong></span> <span class='ocrx_word' id='word_1_153' title='bbox 1022 1661 1187 1722; x_wconf 84' lang='lat' dir='ltr'><strong>priscae</strong></span> <span class='ocrx_word' id='word_1_154' title='bbox 1218 1660 1365 1704; x_wconf 87' lang='lat' dir='ltr'><strong>aetatis</strong></span> <span class='ocrx_word' id='word_1_155' title='bbox 1397 1661 1568 1707; x_wconf 84' lang='lat' dir='ltr'><strong>virtutes</strong></span> 
     </span>
     <span class='ocr_line' id='line_1_22' title="bbox 224 1726 1567 1794; baseline 0 -17"><span class='ocrx_word' id='word_1_156' title='bbox 224 1733 499 1794; x_wconf 83' lang='lat' dir='ltr'><strong>amplectitur,</strong></span> <span class='ocrx_word' id='word_1_157' title='bbox 533 1743 656 1793; x_wconf 84' lang='lat' dir='ltr'><strong>atque</strong></span> <span class='ocrx_word' id='word_1_158' title='bbox 689 1731 898 1776; x_wconf 85' lang='lat' dir='ltr'><strong>desiderio</strong></span> <span class='ocrx_word' id='word_1_159' title='bbox 929 1748 1072 1776; x_wconf 82' lang='lat' dir='ltr'><strong>earum</strong></span> <span class='ocrx_word' id='word_1_160' title='bbox 1103 1741 1334 1776; x_wconf 88' lang='lat' dir='ltr'><strong>commotus</strong></span> <span class='ocrx_word' id='word_1_161' title='bbox 1373 1726 1466 1775; x_wconf 71' lang='lat' dir='ltr'><strong>cum</strong></span> <span class='ocrx_word' id='word_1_162' title='bbox 1501 1733 1567 1777; x_wconf 88' lang='lat' dir='ltr'><strong>in-</strong></span> 
     </span>
     <span class='ocr_line' id='line_1_23' title="bbox 221 1802 1566 1863; baseline 0 -16"><span class='ocrx_word' id='word_1_163' title='bbox 221 1803 313 1847; x_wconf 84' lang='lat' dir='ltr'><strong>timi</strong></span> <span class='ocrx_word' id='word_1_164' title='bbox 343 1803 471 1847; x_wconf 87' lang='lat' dir='ltr'><strong>animi</strong></span> <span class='ocrx_word' id='word_1_165' title='bbox 501 1803 646 1848; x_wconf 85' lang='lat' dir='ltr'><strong>dolore</strong></span> <span class='ocrx_word' id='word_1_166' title='bbox 678 1812 916 1856; x_wconf 70' lang='lat' dir='ltr'><strong>etsuorum</strong></span> <span class='ocrx_word' id='word_1_167' title='bbox 948 1802 1056 1847; x_wconf 86' lang='lat' dir='ltr'><strong>vitiis</strong></span> <span class='ocrx_word' id='word_1_168' title='bbox 1088 1802 1430 1847; x_wconf 87' lang='lat' dir='ltr'><strong>consenescentia</strong></span> <span class='ocrx_word' id='word_1_169' title='bbox 1448 1802 1566 1863; x_wconf 85' lang='lat' dir='ltr'><strong>inge-</strong></span> 
     </span>
    </p>
   </div>
   <div class='ocr_carea' id='block_1_7' title="bbox 252 1947 1642 2084">
    <p class='ocr_par' dir='ltr' id='par_1_7' title="bbox 252 1947 1642 2084">
     <span class='ocr_line' id='line_1_24' title="bbox 252 1947 1642 2015; baseline 0.001 -12"><span class='ocrx_word' id='word_1_170' title='bbox 252 1970 288 2014; x_wconf 79' lang='grc' dir='ltr'><strong>Ι&gt;</strong></span> <span class='ocrx_word' id='word_1_171' title='bbox 314 1971 363 2004; x_wconf 89' lang='lat' dir='ltr'><strong>V.</strong></span> <span class='ocrx_word' id='word_1_172' title='bbox 381 1967 535 2015; x_wconf 79' lang='lat' dir='ltr'><strong>Ruperti</strong></span> <span class='ocrx_word' id='word_1_173' title='bbox 553 1978 740 2014; x_wconf 78' lang='lat' dir='ltr'><strong>prooem-3</strong></span> <span class='ocrx_word' id='word_1_174' title='bbox 764 1968 871 2002; x_wconf 89' lang='lat' dir='ltr'><strong>Ferd.</strong></span> <span class='ocrx_word' id='word_1_175' title='bbox 899 1968 997 2002; x_wconf 78' lang='lat' dir='ltr'><strong>Roth</strong></span> <span class='ocrx_word' id='word_1_176' title='bbox 1022 1967 1066 2002; x_wconf 90' lang='lat' dir='ltr'><strong>in</strong></span> <span class='ocrx_word' id='word_1_177' title='bbox 1090 1966 1223 2002; x_wconf 82' lang='lat' dir='ltr'><strong>libello</strong></span> <span class='ocrx_word' id='word_1_178' title='bbox 1248 1978 1363 2014; x_wconf 80' lang='lat' dir='ltr'><strong>supra</strong></span> <span class='ocrx_word' id='word_1_179' title='bbox 1387 1947 1565 2014; x_wconf 74' lang='lat' dir='ltr'><strong>laudat03</strong></span> <span class='ocrx_word' id='word_1_180' title='bbox 1638 1948 1642 1961; x_wconf 31' lang='grc' dir='ltr'><strong>ἶ</strong></span> 
     </span>
     <span class='ocr_line' id='line_1_25' title="bbox 318 2023 1597 2084; baseline -0.002 -22"><span class='ocrx_word' id='word_1_181' title='bbox 318 2026 473 2084; x_wconf 74' lang='lat' dir='ltr'><strong>Gordon</strong></span> <span class='ocrx_word' id='word_1_182' title='bbox 498 2028 524 2064; x_wconf 81' lang='grc'><strong>1.</strong></span> <span class='ocrx_word' id='word_1_183' title='bbox 547 2028 572 2064; x_wconf 80' lang='lat'><strong>1,</strong></span> <span class='ocrx_word' id='word_1_184' title='bbox 596 2026 697 2061; x_wconf 89' lang='lat' dir='ltr'><strong>Disc.</strong></span> <span class='ocrx_word' id='word_1_185' title='bbox 725 2030 759 2062; x_wconf 83' lang='lat'><strong>2.</strong></span> <span class='ocrx_word' id='word_1_186' title='bbox 785 2032 872 2062; x_wconf 81' lang='lat' dir='ltr'><strong>sect.</strong></span> <span class='ocrx_word' id='word_1_187' title='bbox 899 2030 946 2065; x_wconf 78' lang='grc'><strong>7-</strong></span> <span class='ocrx_word' id='word_1_188' title='bbox 967 2032 1022 2063; x_wconf 86' lang='grc'><strong>11.</strong></span> <span class='ocrx_word' id='word_1_189' title='bbox 1595 2023 1597 2027; x_wconf 66' lang='grc'><strong>”</strong></span> 
     </span>
    </p>
   </div>
   <div class='ocr_carea' id='block_1_8' title="bbox 250 2095 1567 2201">
    <p class='ocr_par' dir='ltr' id='par_1_8' title="bbox 250 2095 1567 2201">
     <span class='ocr_line' id='line_1_26' title="bbox 250 2095 1567 2146; baseline 0.003 -16"><span class='ocrx_word' id='word_1_190' title='bbox 250 2099 294 2143; x_wconf 66' lang='lat'><strong>²)&#39;</strong></span> <span class='ocrx_word' id='word_1_191' title='bbox 311 2099 360 2133; x_wconf 87' lang='lat' dir='ltr'><strong>V.</strong></span> <span class='ocrx_word' id='word_1_192' title='bbox 386 2098 490 2132; x_wconf 91' lang='lat' dir='ltr'><strong>locos</strong></span> <span class='ocrx_word' id='word_1_193' title='bbox 515 2108 630 2143; x_wconf 84' lang='lat' dir='ltr'><strong>supra</strong></span> <span class='ocrx_word' id='word_1_194' title='bbox 659 2098 790 2131; x_wconf 85' lang='lat' dir='ltr'><strong>allatos</strong></span> <span class='ocrx_word' id='word_1_195' title='bbox 815 2103 851 2131; x_wconf 84' lang='lat' dir='ltr'><strong>et</strong></span> <span class='ocrx_word' id='word_1_196' title='bbox 876 2098 972 2146; x_wconf 79' lang='lat' dir='ltr'><strong>q‘uae</strong></span> <span class='ocrx_word' id='word_1_197' title='bbox 997 2095 1052 2132; x_wconf 89' lang='lat' dir='ltr'><strong>ibi</strong></span> <span class='ocrx_word' id='word_1_198' title='bbox 1077 2096 1123 2132; x_wconf 87' lang='lat' dir='ltr'><strong>de</strong></span> <span class='ocrx_word' id='word_1_199' title='bbox 1148 2095 1335 2146; x_wconf 81' lang='lat' dir='ltr'><strong>aequitate</strong></span> <span class='ocrx_word' id='word_1_200' title='bbox 1360 2107 1402 2133; x_wconf 86' lang='lat' dir='ltr'><strong>ac</strong></span> <span class='ocrx_word' id='word_1_201' title='bbox 1433 2096 1567 2136; x_wconf 74' lang='lat' dir='ltr'><strong>modo-</strong></span> 
     </span>
     <span class='ocr_line' id='line_1_27' title="bbox 315 2154 930 2201; baseline 0.002 -11"><span class='ocrx_word' id='word_1_202' title='bbox 315 2156 462 2191; x_wconf 83' lang='lat' dir='ltr'><strong>ratione</strong></span> <span class='ocrx_word' id='word_1_203' title='bbox 487 2155 680 2201; x_wconf 78' lang='lat' dir='ltr'><strong>scriptoriS</strong></span> <span class='ocrx_word' id='word_1_204' title='bbox 706 2154 806 2191; x_wconf 81' lang='lat' dir='ltr'><strong>dicta</strong></span> <span class='ocrx_word' id='word_1_205' title='bbox 830 2162 930 2191; x_wconf 85' lang='lat' dir='ltr'><strong>sunt.</strong></span> 
     </span>
    </p>
   </div>
   <div class='ocr_carea' id='block_1_9' title="bbox 252 2220 669 2273">
    <p class='ocr_par' dir='ltr' id='par_1_9' title="bbox 252 2220 669 2273">
     <span class='ocr_line' id='line_1_28' title="bbox 252 2220 669 2273; baseline -0.002 -11"><span class='ocrx_word' id='word_1_206' title='bbox 252 2230 290 2273; x_wconf 70' lang='grc'><strong>3)</strong></span> <span class='ocrx_word' id='word_1_207' title='bbox 315 2227 413 2262; x_wconf 75' lang='lat' dir='ltr'><strong>nist.</strong></span> <span class='ocrx_word' id='word_1_208' title='bbox 438 2230 472 2269; x_wconf 85' lang='lat'><strong>2,</strong></span> <span class='ocrx_word' id='word_1_209' title='bbox 500 2229 557 2265; x_wconf 78' lang='lat'><strong>37.</strong></span> <span class='ocrx_word' id='word_1_210' title='bbox 584 2220 669 2265; x_wconf 65' lang='lat' dir='ltr'><strong>3ss</strong></span> 
     </span>
    </p>
   </div>
   <div class='ocr_carea' id='block_1_10' title="bbox 252 2295 1569 2684">
    <p class='ocr_par' dir='ltr' id='par_1_10' title="bbox 252 2295 1569 2684">
     <span class='ocr_line' id='line_1_29' title="bbox 252 2295 1566 2346; baseline 0.004 -15"><span class='ocrx_word' id='word_1_211' title='bbox 252 2299 289 2343; x_wconf 79' lang='lat'><strong>⁴)</strong></span> <span class='ocrx_word' id='word_1_212' title='bbox 314 2299 368 2332; x_wconf 77' lang='lat' dir='ltr'><strong>Ita</strong></span> <span class='ocrx_word' id='word_1_213' title='bbox 391 2298 492 2330; x_wconf 86' lang='lat' dir='ltr'><strong>Ann.</strong></span> <span class='ocrx_word' id='word_1_214' title='bbox 520 2301 552 2339; x_wconf 87' lang='lat'><strong>1,</strong></span> <span class='ocrx_word' id='word_1_215' title='bbox 581 2297 626 2332; x_wconf 76' lang='lat'><strong>63</strong></span> <span class='ocrx_word' id='word_1_216' title='bbox 650 2296 822 2331; x_wconf 78' lang='lat' dir='ltr'><strong>manibus</strong></span> <span class='ocrx_word' id='word_1_217' title='bbox 847 2295 973 2345; x_wconf 88' lang='lat' dir='ltr'><strong>inquit</strong></span> <span class='ocrx_word' id='word_1_218' title='bbox 999 2302 1126 2346; x_wconf 72' lang='lat' dir='ltr'><strong>aequis</strong></span> <span class='ocrx_word' id='word_1_219' title='bbox 1152 2298 1375 2343; x_wconf 80' lang='lat' dir='ltr'><strong>abscessum,</strong></span> <span class='ocrx_word' id='word_1_220' title='bbox 1403 2310 1492 2335; x_wconf 84' lang='lat' dir='ltr'><strong>cum</strong></span> <span class='ocrx_word' id='word_1_221' title='bbox 1515 2311 1566 2336; x_wconf 78' lang='lat' dir='ltr'><strong>ex</strong></span> 
     </span>
     <span class='ocr_line' id='line_1_30' title="bbox 318 2353 1564 2408; baseline 0.006 -20"><span class='ocrx_word' id='word_1_222' title='bbox 318 2353 563 2403; x_wconf 84' lang='lat' dir='ltr'><strong>sequentibus</strong></span> <span class='ocrx_word' id='word_1_223' title='bbox 598 2361 742 2400; x_wconf 77' lang='lat' dir='ltr'><strong>pateat,</strong></span> <span class='ocrx_word' id='word_1_224' title='bbox 776 2358 964 2393; x_wconf 86' lang='lat' dir='ltr'><strong>Romanos</strong></span> <span class='ocrx_word' id='word_1_225' title='bbox 998 2357 1029 2393; x_wconf 84' lang='lat' dir='ltr'><strong>si</strong></span> <span class='ocrx_word' id='word_1_226' title='bbox 1066 2370 1144 2393; x_wconf 87' lang='lat' dir='ltr'><strong>non</strong></span> <span class='ocrx_word' id='word_1_227' title='bbox 1170 2361 1299 2405; x_wconf 87' lang='lat' dir='ltr'><strong>pulsos</strong></span> <span class='ocrx_word' id='word_1_228' title='bbox 1325 2358 1564 2408; x_wconf 73' lang='lat' dir='ltr'><strong>fugatosque,</strong></span> 
     </span>
     <span class='ocr_line' id='line_1_31' title="bbox 316 2416 1569 2454; baseline 0.002 -4"><span class='ocrx_word' id='word_1_229' title='bbox 316 2421 355 2450; x_wconf 88' lang='lat' dir='ltr'><strong>at</strong></span> <span class='ocrx_word' id='word_1_230' title='bbox 378 2420 478 2449; x_wconf 80' lang='lat' dir='ltr'><strong>certe</strong></span> <span class='ocrx_word' id='word_1_231' title='bbox 501 2419 545 2447; x_wconf 88' lang='lat' dir='ltr'><strong>ut</strong></span> <span class='ocrx_word' id='word_1_232' title='bbox 571 2419 692 2448; x_wconf 83' lang='lat' dir='ltr'><strong>castra</strong></span> <span class='ocrx_word' id='word_1_233' title='bbox 714 2420 813 2449; x_wconf 85' lang='lat' dir='ltr'><strong>retro</strong></span> <span class='ocrx_word' id='word_1_234' title='bbox 837 2423 1036 2451; x_wconf 69' lang='lat' dir='ltr'><strong>moverent</strong></span> <span class='ocrx_word' id='word_1_235' title='bbox 1059 2416 1208 2453; x_wconf 78' lang='lat' dir='ltr'><strong>coactos</strong></span> <span class='ocrx_word' id='word_1_236' title='bbox 1232 2418 1356 2453; x_wconf 84' lang='lat' dir='ltr'><strong>fuisse.</strong></span> <span class='ocrx_word' id='word_1_237' title='bbox 1387 2418 1462 2454; x_wconf 43' lang='lat' dir='ltr'><strong>(Cf.</strong></span> <span class='ocrx_word' id='word_1_238' title='bbox 1495 2418 1569 2453; x_wconf 77' lang='lat' dir='ltr'><strong>Sii-</strong></span> 
     </span>
     <span class='ocr_line' id='line_1_32' title="bbox 316 2474 1566 2524; baseline 0.002 -15"><span class='ocrx_word' id='word_1_239' title='bbox 316 2485 423 2510; x_wconf 82' lang='lat' dir='ltr'><strong>vern.</strong></span> <span class='ocrx_word' id='word_1_240' title='bbox 448 2474 475 2506; x_wconf 92' lang='grc'><strong>1.</strong></span> <span class='ocrx_word' id='word_1_241' title='bbox 499 2474 527 2506; x_wconf 89' lang='lat' dir='ltr'><strong>l.</strong></span> <span class='ocrx_word' id='word_1_242' title='bbox 554 2484 592 2517; x_wconf 88' lang='lat' dir='ltr'><strong>p.</strong></span> <span class='ocrx_word' id='word_1_243' title='bbox 619 2477 675 2508; x_wconf 78' lang='lat'><strong>82.</strong></span> <span class='ocrx_word' id='word_1_244' title='bbox 724 2475 834 2508; x_wconf 84' lang='lat' dir='ltr'><strong>Recte</strong></span> <span class='ocrx_word' id='word_1_245' title='bbox 867 2474 1022 2510; x_wconf 82' lang='lat' dir='ltr'><strong>sortasse</strong></span> <span class='ocrx_word' id='word_1_246' title='bbox 1058 2476 1209 2522; x_wconf 80' lang='lat' dir='ltr'><strong>Lipsius</strong></span> <span class='ocrx_word' id='word_1_247' title='bbox 1236 2477 1274 2510; x_wconf 85' lang='lat' dir='ltr'><strong>id</strong></span> <span class='ocrx_word' id='word_1_248' title='bbox 1301 2489 1452 2524; x_wconf 89' lang='lat' dir='ltr'><strong>quoque</strong></span> <span class='ocrx_word' id='word_1_249' title='bbox 1480 2487 1566 2512; x_wconf 74' lang='lat' dir='ltr'><strong>mo-</strong></span> 
     </span>
     <span class='ocr_line' id='line_1_33' title="bbox 316 2530 1567 2581; baseline 0.002 -14"><span class='ocrx_word' id='word_1_250' title='bbox 316 2537 381 2567; x_wconf 78' lang='lat' dir='ltr'><strong>net</strong></span> <span class='ocrx_word' id='word_1_251' title='bbox 405 2531 452 2565; x_wconf 86' lang='lat' dir='ltr'><strong>ad</strong></span> <span class='ocrx_word' id='word_1_252' title='bbox 480 2531 579 2566; x_wconf 87' lang='lat' dir='ltr'><strong>Ann.</strong></span> <span class='ocrx_word' id='word_1_253' title='bbox 608 2536 664 2575; x_wconf 82' lang='lat'><strong>12,</strong></span> <span class='ocrx_word' id='word_1_254' title='bbox 690 2530 736 2569; x_wconf 74' lang='grc'><strong>40</strong></span> <span class='ocrx_word' id='word_1_255' title='bbox 762 2544 809 2567; x_wconf 82' lang='lat' dir='ltr'><strong>ne</strong></span> <span class='ocrx_word' id='word_1_256' title='bbox 822 2531 990 2578; x_wconf 81' lang='lat' dir='ltr'><strong>feminae</strong></span> <span class='ocrx_word' id='word_1_257' title='bbox 1014 2536 1160 2581; x_wconf 77' lang='lat' dir='ltr'><strong>imperio</strong></span> <span class='ocrx_word' id='word_1_258' title='bbox 1186 2536 1432 2570; x_wconf 56' lang='lat' dir='ltr'><strong>subderentur</strong></span> <span class='ocrx_word' id='word_1_259' title='bbox 1454 2537 1567 2580; x_wconf 85' lang='lat' dir='ltr'><strong>„Ta-</strong></span> 
     </span>
     <span class='ocr_line' id='line_1_34' title="bbox 316 2589 1565 2638; baseline 0.002 -13"><span class='ocrx_word' id='word_1_260' title='bbox 316 2589 414 2625; x_wconf 88' lang='lat' dir='ltr'><strong>citus</strong></span> <span class='ocrx_word' id='word_1_261' title='bbox 445 2589 487 2624; x_wconf 88' lang='lat' dir='ltr'><strong>in</strong></span> <span class='ocrx_word' id='word_1_262' title='bbox 518 2589 596 2625; x_wconf 89' lang='lat' dir='ltr'><strong>suis</strong></span> <span class='ocrx_word' id='word_1_263' title='bbox 631 2590 822 2635; x_wconf 87' lang='lat' dir='ltr'><strong>moribus,</strong></span> <span class='ocrx_word' id='word_1_264' title='bbox 855 2604 934 2626; x_wconf 86' lang='lat' dir='ltr'><strong>non</strong></span> <span class='ocrx_word' id='word_1_265' title='bbox 971 2592 1011 2627; x_wconf 87' lang='lat' dir='ltr'><strong>in</strong></span> <span class='ocrx_word' id='word_1_266' title='bbox 1052 2593 1320 2629; x_wconf 77' lang='lat' dir='ltr'><strong>Britannorum</strong></span> <span class='ocrx_word' id='word_1_267' title='bbox 1353 2594 1444 2638; x_wconf 84' lang='lat' dir='ltr'><strong>fuit,</strong></span> <span class='ocrx_word' id='word_1_268' title='bbox 1477 2605 1565 2630; x_wconf 86' lang='lat' dir='ltr'><strong>cum</strong></span> 
     </span>
     <span class='ocr_line' id='line_1_35' title="bbox 316 2647 659 2684; baseline -0.003 0"><span class='ocrx_word' id='word_1_269' title='bbox 316 2649 410 2684; x_wconf 80' lang='lat' dir='ltr'><strong>haec</strong></span> <span class='ocrx_word' id='word_1_270' title='bbox 435 2647 659 2683; x_wconf 78' lang='lat' dir='ltr'><strong>scriberet.“</strong></span> 
     </span>
    </p>
   </div>
   <div class='ocr_carea' id='block_1_11' title="bbox 252 2700 1296 2772">
    <p class='ocr_par' dir='ltr' id='par_1_11' title="bbox 252 2700 1296 2772">
     <span class='ocr_line' id='line_1_36' title="bbox 252 2700 1296 2772; baseline 0.003 -18"><span class='ocrx_word' id='word_1_271' title='bbox 252 2700 289 2767; x_wconf 58' lang='lat'><strong>3)</strong></span> <span class='ocrx_word' id='word_1_272' title='bbox 316 2721 362 2756; x_wconf 88' lang='lat' dir='ltr'><strong>V.</strong></span> <span class='ocrx_word' id='word_1_273' title='bbox 386 2731 420 2755; x_wconf 81' lang='lat' dir='ltr'><strong>e.</strong></span> <span class='ocrx_word' id='word_1_274' title='bbox 445 2731 482 2768; x_wconf 85' lang='lat' dir='ltr'><strong>g.</strong></span> <span class='ocrx_word' id='word_1_275' title='bbox 507 2719 612 2754; x_wconf 83' lang='lat' dir='ltr'><strong>Anu.</strong></span> <span class='ocrx_word' id='word_1_276' title='bbox 637 2724 672 2764; x_wconf 85' lang='lat'><strong>3,</strong></span> <span class='ocrx_word' id='word_1_277' title='bbox 699 2720 757 2758; x_wconf 86' lang='lat'><strong>65.</strong></span> <span class='ocrx_word' id='word_1_278' title='bbox 783 2721 840 2760; x_wconf 83' lang='lat'><strong>76.</strong></span> <span class='ocrx_word' id='word_1_279' title='bbox 869 2723 992 2758; x_wconf 88' lang='lat' dir='ltr'><strong>Germ.</strong></span> <span class='ocrx_word' id='word_1_280' title='bbox 1022 2728 1084 2767; x_wconf 78' lang='lat'><strong>193</strong></span> <span class='ocrx_word' id='word_1_281' title='bbox 1111 2723 1234 2772; x_wconf 80' lang='lat' dir='ltr'><strong>Agric.</strong></span> <span class='ocrx_word' id='word_1_282' title='bbox 1262 2729 1296 2760; x_wconf 87' lang='lat'><strong>2.</strong></span> 
     </span>
    </p>
   </div>
  </div>
 </body>
</html>
