1702 2982
239 187 325 225 VIII
691 196 694 198 ·
725 181 1107 253 Prolegomena

368 297 598 344 Librorum
629 291 773 345 Taciti
800 302 1009 347 rationem
1039 312 1080 348 et
1110 316 1191 364 quo
1209 300 1420 362 'temporis
1444 296 1592 359 ordine

189 385 215 411 ‘a
250 365 434 427 evulgati
463 367 620 414 fuerint
651 372 881 416 accuratius
914 373 950 418 si
981 378 1186 435 exponere
1209 370 1434 428 volemus,
1461 371 1617 434 -prius'
1663 395 1680 406 ›

253 438 308 482 ad
340 438 545 500 liquidum
575 441 698 487 nobis
729 443 1046 504 perducendum
1087 444 1182 498 erit,
1219 441 1482 503 Dialogus
1523 443 1597 504 qui

255 508 404 553 dicitur
444 510 496 556 de
535 505 673 556 causi's
714 524 932 574 corruptae
972 514 1240 576 eloquentiae,
1268 524 1406 558 utrum
1442 512 1596 563 Tacito

184 616 190 623 χ
254 580 531 626 vindicandus
560 598 625 627 an
658 583 948 641 Quintilian0‚
990 584 1135 630 Plinio
1169 583 1322 628 minori
1363 582 1510 628 aliisve
1539 582 1597 628 sit

255 649 554 697 adscribendus
567 658 620 705 1).
682 651 939 714 Nonhujus
971 666 1036 699 est
1066 655 1148 701 loci
1173 654 1316 699 omnia
1344 652 1598 716 proponere,

256 736 364 782 quae
396 722 440 766 in
469 727 689 785 utramque
720 735 884 786 partem
915 741 941 769 a
971 725 1072 770 viris
1103 725 1233 771 doctis
1259 725 1470 787 disputata
1491 733 1599 770 sunt.

255 790 375 838 Haec
404 810 504 838 vero
535 793 739 840 sufficient
751 802 814 848 ²):
1489 844 1495 855 ,

380 871 423 929 1)
457 858 746 922 Quintilianus
784 866 953 928 quidem
993 866 1150 928 passim
1185 867 1230 912 in
1268 874 1377 911 orat.
1413 865 1514 914 inst.
1551 858 1628 910 Ii·-

259 933 345 978 bris
385 945 426 981 et
463 935 624 980 duobus
662 935 764 981 locis
804 937 993 982 disertim
1035 948 1245 983 auctorem
1282 942 1329 982 se
1359 936 1460 983 dicit·
1503 933 1603 999 libri

259 1008 281 1059 (
292 1005 451 1066 dialogi
481 1022 582 1051 voce
612 1023 827 1069 nunquam
859 1007 923 1052 his
955 1007 1058 1053 locis
1090 1004 1230 1060 utitur)
1262 1008 1313 1052 de
1345 1008 1482 1052 causis
1512 1022 1604 1052 cor-

259 1086 408 1137 ruptae
440 1076 715 1139 eloquentiae.
777 1079 864 1124 Sed
904 1079 973 1140 qui
1015 1089 1205 1123 nostrum
1235 1077 1486 1140 conscripsit
1514 1077 1610 1126 dia?

260 1144 405 1206 logum
435 1147 664 1193 admodum
693 1150 886 1210 juvenem
918 1166 963 1194 se
994 1149 1125 1193 fuisse
1158 1149 1258 1194 dicit
1288 1164 1401 1194 anno
1431 1147 1607 1211 Vespa:

262 1216 372 1282 siani
400 1217 664 1283 imperatoris
698 1230 815 1278 sexto
847 1218 931 1275 (cf.
962 1236 1028 1282 cp.
1054 1231 1072 1263 1
1109 1230 1150 1264 et
1185 1228 1272 1275 17),
1306 1234 1388 1281 quo
1418 1228 1607 1281 tempore
1635 1235 1639 1238 ·

265 1284 563 1347 Quintilianus,
596 1289 667 1350 qui
697 1289 946 1335 rhetoricam
976 1302 1108 1349 artem
1138 1290 1412 1352 profitebatur
1436 1288 1484 1334 ‘et
1521 1299 1609 1334 tum

227 1422 229 1424 q
264 1360 539 1416 cummaxime
561 1360 694 1405 Plinii
713 1360 887 1404 minoris
909 1371 1173 1423 praeceptor,
1203 1360 1239 1405 si
1269 1360 1488 1429 minimum
1521 1370 1609 1404 sta-

266 1430 440 1486 tuimus,
478 1431 734 1476 tricesimum
769 1433 856 1492 jam
892 1431 1041 1478 aetatis
1081 1447 1237 1476 annum
1267 1430 1433 1492 agebat.
1495 1430 1612 1475 Tum
1655 1470 1659 1474 .

267 1518 367 1546 vero
407 1501 566 1563 dialogi
607 1513 751 1547 auctor
789 1506 882 1563 (cp.
905 1502 960 1560 2)
1000 1502 1152 1546 Iulium
1184 1502 1424 1548 Secundum
1453 1500 1612 1562 magis·

270 1582 376 1616 trum
418 1589 540 1618 suum
579 1584 620 1618 et
658 1573 702 1617 in
740 1572 982 1634 eloquentia
1019 1573 1166 1618 ducem
1204 1573 1396 1633 designat
1437 1582 1480 1616 et
1507 1563 1613 1616 nihil

266 1628 511 1700 nisi-‘laude
555 1644 802 1704 dignissima
839 1644 892 1688 de
935 1659 986 1688 eo
1028 1643 1252 1704 praedicat.
1326 1641 1614 1701 Quintilianus

269 1725 415 1759 contra
457 1715 510 1771 (i.
543 1732 605 1759 or.
641 1724 712 1771 10,
745 1726 792 1770 3,
828 1719 910 1770 12)
947 1714 1124 1758 eundem
1162 1710 1382 1777 aequalem
1423 1729 1546 1757 suum
1574 1722 1618 1759 et

268 1785 533 1830 familiariter
569 1801 594 1830 a
632 1803 679 1831 se
709 1796 894 1831 amatum
926 1785 1051 1837 dicit,
1095 1801 1229 1845 neque
1261 1784 1390 1829 etiam
1405 1781 1614 1829 omnibus

339 1939 382 1984 .¹)
408 1938 490 1974 Vix
524 1937 660 1985 dignae
692 1945 801 1981 sunt,
837 1949 935 1985 quae
960 1942 1303 1972 commemorentur
1325 1935 1527 1983 opiniones
1551 1948 1616 1973 eo·-

411 2007 517 2038 rum,
552 1996 621 2042 qui
653 1995 878 2030 Suetonium
914 1996 977 2030 vel
1011 1993 1224 2030 Curiatium
1257 1995 1472 2031 Maternum
1501 1995 1617 2043 hujus

411 2053 537 2088 libelli
560 2060 751 2089 auctorem
777 2054 893 2089 fuisse
919 2051 1132 2099 perhibent.

299 2109 301 2111 ’
347 2113 385 2158 ²)
413 2101 467 2148 Cf.
503 2112 747 2146 Klossmanni
781 2110 1068 2160 iniquissimum
1098 2110 1144 2145 de
1177 2111 1327 2159 egregio
1358 2111 1491 2148 libello
1515 2112 1619 2162 judi-

412 2171 517 2205 cium
546 2170 701 2205 serentis
732 2173 1002 2218 Prolegomena
1037 2170 1077 2204 in
1103 2169 1200 2204 Dial.
1227 2170 1274 2205 de
1299 2171 1512 2221 oratoribus
1523 2175 1619 2209 ·cla-

413 2228 466 2263 ris
492 2228 561 2276 qui
588 2228 722 2264 Tacito
747 2231 865 2275 vulgo
891 2227 1129 2265 adscribitur.
1157 2229 1309 2265 Vratist.
1336 2235 1440 2272 1819.
1466 2238 1619 2268 contra:

413 2287 516 2325 nial.
550 2287 597 2321 de
631 2288 852 2340 orsTacito
887 2281 1103 2324 vindicatus
1138 2286 1289 2323 auctore
1321 2288 1370 2324 A.
1405 2291 1448 2325 G.
1473 2291 1618 2340 Langio

416 2357 514 2394 quae
539 2344 585 2379 ab
611 2346 695 2392 ipso
726 2353 876 2382 auctore
901 2346 1166 2383 additamentis
1192 2354 1300 2383 aucta
1321 2344 1532 2385 dissertatio
1558 2350 1620 2386 ln·-

415 2403 513 2440 serta
544 2405 683 2451 legitur
709 2405 870 2440 Dronkii
895 2403 1110 2441 recensioni
1142 2418 1177 2442 a.
1208 2412 1296 2445 1828
1333 2406 1619 2446 confluentibus
1658 2425 1702 2435 ψ

416 2463 550 2498 editae.
591 2463 706 2509 Cujus
724 2464 985 2511 inspiciendae
1001 2476 1089 2499 cum
1115 2472 1200 2513 post
1225 2467 1438 2502 confectum
1463 2467 1617 2503 demum

415 2521 605 2571 laborem,
639 2535 716 2571 quo
753 2523 836 2570 ipse
859 2536 938 2558 rem
968 2524 1216 2570 pertractavi,
1254 2524 1363 2572 copia
1387 2524 1485 2560 facta
1505 2531 1616 2569 esset,

416 2580 525 2614 nolui
557 2581 762 2629 quicquam
796 2589 962 2628 mutare,
1004 2589 1046 2618 ut
1080 2582 1281 2631 utriusque
1312 2575 1539 2629 sententiae,
1576 2583 1618 2618 in

416 2638 639 2675 universum
664 2641 954 2685 consentientis,
987 2640 1152 2677 liberum
1184 2642 1443 2693 relinquerem
1463 2641 1617 2678 lecturis

416 2698 612 2743 judicium.
948 2699 950 2701 ’
1120 2698 1123 2701 ’
1303 2715 1305 2717 ’
1434 2699 1437 2702 ’
1511 2699 1513 2703 ”
1582 2711 1584 2713 ’
