1702 2982
207 213 265 256 98
413 255 424 266 Ι
570 202 823 249 Commotus
853 227 910 237 —
943 181 1197 263 competere

211 320 331 359 tiam
352 316 570 367 alicujus
591 314 790 366 aliquid
820 314 1076 364 praebere,
1107 312 1152 350 in
1184 311 1410 350 universum
1439 311 1564 361 magis

209 377 476 428 accipiendum
497 388 568 425 pro
589 373 840 419 adhibere,
867 373 989 410 dare.
1035 373 1088 410 V.
1112 372 1293 420 exempla
1314 382 1376 419 ap.
1401 371 1564 408 Foroell.
1624 380 1627 383 ‘

212 438 268 477 cf.
294 441 560 486 praestare.
1575 471 1584 480 ,

307 493 586 533 COMMOTUS
615 494 654 540 1)
685 490 739 528 de
763 489 1010 528 seditione
1033 489 1215 534 Ann.12‚
1233 492 1280 527 55
1307 487 1464 529 cilicum
1489 498 1568 524 na·-

212 557 332 592 tiones
353 574 403 582 -—
425 563 536 600 saepe
573 558 607 587 et
641 551 742 586 alias
774 555 1006 590 commotam
1037 546 1154 595 14,31
1188 549 1384 584 commotis
1416 545 1472 582 ad
1506 558 1568 582 re-

216 615 453 656 bellationem
497 608 802 647 Trinobantibus.
851 607 909 644 cf.
942 604 1066 650 Si1.„4,
1087 611 1134 648 93
1179 606 1305 653 pulvis
1345 611 1568 642 commotus.

217 674 256 718 2)
283 672 337 708 de
374 668 561 715 animo,
595 673 634 703 et
663 665 835 703 absolute
861 663 1029 714 quidem,
1054 663 1348 701 violentiam
1372 661 1569 712 quandam

216 728 361 781 ingenii
376 727 618 776 'designans,
661 736 752 762 cum
784 722 901 759 ceteri
932 724 1160 771 plerumque
1192 721 1385 758 adfectum
1414 719 1568 764 addant,
1604 713 1609 721 '

213 801 292 839 quo
318 785 405 837 quis
430 784 640 823 concitatus
664 789 722 820 est
746 781 890 818 animo.
938 780 1013 816 Sed
1045 779 1122 817 cic.
1153 778 1231 827 jam
1262 777 1450 826 exemplis
1479 777 1571 828 qui-

217 847 382 884 busdam
405 843 580 894 praeivit,
607 848 651 878 ut
674 843 780 878 Brut.
794 837 842 878 34
861 846 1049 887 patronus
1072 859 1121 866 -
1136 838 1272 886 paullo
1291 836 1486 885 fervidior
1508 842 1573 872 at-

216 919 288 955 que
311 905 529 942 commotior.
575 901 680 937 Ann.
692 905 725 944 1,
736 904 782 937 33
806 899 1023 946 Agrippina
1041 899 1175 945 paullo
1200 897 1424 934 commotior
1432 909 1446 940 ,-
1469 899 1506 939 2,
1523 899 1571 932 28

216 977 294 1002 non
314 963 440 1001 verbis
467 961 706 1003 commotion-
734 955 967 1002 4,3Drusus
989 957 1196 1005 impatiens
1219 955 1360 991 aemuli
1382 960 1418 990 et
1441 954 1572 990 animo

218 1023 438 1060 commotior
462 1020 529 1067 (οἳ.
542 1024 577 1064 2,
591 1015 637 1056 43
660 1017 809 1065 ingenio
833 1015 1059 1063 violentus),·
1094 1021 1151 1061 11,
1175 1018 1197 1051 2
1226 1020 1412 1051 commoto
1443 1011 1573 1059 majo—

218 1093 299 1117 rem
329 1081 370 1115 in
401 1077 560 1115 modum
593 1076 767 1114 Claudio.
813 1074 855 1121 3)
892 1073 949 1108 de
979 1073 1272 1120 perturbato*
1303 1081 1486 1117 rerum,
1527 1074 1573 1105 et

183 1151 186 1154 ⁴
219 1130 375 1175 adimi
398 1142 444 1173 et
461 1136 558 1173 iam
582 1140 717 1172 statu
742 1133 848 1170 Ann-
861 1127 897 1175 4,
913 1135 959 1169 52
994 1135 1140 1167 Romae
1171 1137 1359 1167 commota
1389 1128 1574 1177 principis

220 1197 357 1241 domo,·
382 1196 416 1240 6,
431 1198 477 1236 17
512 1195 602 1230 hinc
625 1194 753 1240 inopia
778 1193 831 1227 rei
861 1192 1104 1226 nummariae
1136 1196 1321 1226 commoto
1350 1186 1468 1223 simul
1497 1199 1576 1222 om-

217 1257 325 1292 nium
350 1266 436 1289 aere
460 1255 580 1288 alieno
607 1251 784 1297 (Eoroell.
817 1248 1039 1296 interprete:
1071 1248 1257 1296 pecuniae
1289 1244 1453 1295 fen9bris
1477 1243 1575 1280 ratio

216 1310 436 1361 perturbata
460 1320 527 1346 seu
551 1310 764 1358 periculum
790 1306 1007 1344 amissionis
1031 1306 1217 1354 pecuniae
1242 1296 1444 1349 creditae);
1471 1302 1506 1347 6,
1525 1299 1575 1340 45

219 1373 286 1407 etsi
312 1376 519 1407 commotus
542 1369 690 1417 ingenio
717 1366 761 1411 (i.
785 1378 819 1402 e.
843 1364 984 1413 mentis
1016 1363 1165 1401 viribus
1197 1361 1425 1409 debilitatis)
1457 1362 1576 1396 simu-

219 1429 403 1465 tatianum
427 1434 556 1463 tamen
577 1427 694 1474 salsa
718 1427 760 1461 in
793 1425 879 1460 sinu.
910 1423 976 1459 avi
1006 1422 1274 1471 perdidicerat.
1298 1439 1348 1448 -·
1394 1418 1577 1456 Similiter

221 1487 353 1524 Cicero
393 1492 601 1521 commotas
638 1485 857 1530 columnas,
896 1480 1005 1529 Virg.
1038 1487 1230 1517 commota
1263 1491 1398 1523 sacra,
1440 1479 1575 1514 Horat.

219 1551 381 1581 mentem
407 1535 634 1579 commotam
660 1540 831 1578 exhibet.
1494 1532 1498 1539 ’

318 1602 678 1639 COMMUNICARE
704 1600 877 1636 absolute
896 1597 1025 1647 Agric.
1040 1602 1060 1636 8
1085 1597 1153 1634 sed
1176 1598 1292 1646 primo
1317 1594 1474 1631 Cerialis
1497 1605 1577 1629 mo-

222 1662 271 1699 do
305 1659 452 1697 labores
494 1667 528 1696 et
566 1659 809 1702 discrimina,
851 1669 941 1693 mox
974 1663 1010 1691 et
1048 1657 1214 1705 gloriam
1255 1651 1577 1691 communicabat.

221 1720 376 1757 Walch.
402 1730 423 1755 e
447 1718 626 1764 Thucyd.
642 1723 675 1761 1,
689 1723 736 1758 39
760 1716 802 1752 in
826 1714 1150 1763 comparationem
1181 1719 1293 1751 vocat
1325 1712 1515 1749 κοινωνεῖν
1538 1715 1578 1747 et

221 1774 472 1827 μεταδιδόναι.
521 1776 639 1823 Apud
664 1775 819 1812 Latinos
842 1774 914 1811 vix
937 1773 1012 1809 alia
1036 1774 1214 1820 exempla
1236 1770 1433 1820 repereris.

314 1835 588 1878 COMMUNIS,
621 1833 671 1869 in
694 1845 956 1877 commune,
983 1844 1022 1869 v.
1048 1836 1254 1867 accusat.

288 1918 289 1924 ,
324 1892 648 1930 COMPARATIO
673 1904 713 1928 v.
740 1890 914 1936 adject.

320 1951 648 1988 COMPENDIUM
672 1964 719 1980 =
742 1948 807 1985 via
838 1945 1123 1994 compendiaria
1157 1946 1261 1981 Ann.
1275 1948 1310 1989 2,
1326 1947 1373 1983 55
1404 1955 1578 1992 compen-

225 2011 293 2048 dia
315 2011 437 2046 maris
463 2012 519 2052 12,
534 2012 579 2044 28
606 2008 668 2053 qui
694 2006 840 2042 dextris
866 2012 900 2041 et
924 2003 1163 2053 propioribus
1187 2004 1420 2051 compendiis
1443 2005 1579 2039 ierant.

226 2069 284 2106 Cf.
308 2069 408 2104 Flor.
422 2071 457 2109 3,
471 2071 506 2110 3,
521 2068 541 2105 7
566 2067 717 2101 Marius
741 2067 843 2100 mira
867 2064 997 2098 statim
1029 2062 1226 2097 velocitate
1251 2063 1445 2109 occupatis
1469 2073 1577 2097 com-

226 2126 376 2175 pendiis
397 2125 590 2171 praevenit
615 2123 778 2166 hostem,·
802 2121 899 2157 Plin.
926 2123 974 2156 H.
1000 2122 1045 2155 N.
1059 2120 1093 2163 6,
1107 2120 1156 2156 26
1179 2119 1246 2154 diu
1269 2121 1324 2154 ita
1347 2121 1578 2167 navigatum

226 2192 293 2231 est,
319 2184 440 2220 donec
464 2181 688 2229 compendia
710 2182 852 2215 invenit
875 2185 1078 2222 met-catom-
1101 2176 1198 2213 Plin.
1222 2179 1313 2213 Pan.
1330 2182 1378 2219 95
1403 2188 1492 2213 cum
1514 2176 1578 2212 vi·-

225 2243 364 2285 derem,
392 2251 488 2287 quae
516 2239 569 2275 ad
592 2240 749 2275 honores
772 2238 994 2286 compendia
1019 2230 1202 2284 paterent,
1229 2236 1379 2284 longius
1401 2237 1472 2271 iter
1495 2246 1578 2270 ma·-

225 2302 301 2346 lui3
328 2297 459 2346 Quint.
471 2294 507 2341 4,
522 2302 557 2341 2,
570 2295 619 2335 46
642 2309 835 2332 amoenum
866 2308 915 2332 ac
945 2297 1057 2332 molle
1086 2296 1167 2339 iter,
1201 2296 1343 2331 etiamsi
1375 2300 1430 2330 est
1458 2293 1577 2341 spatii

225 2359 439 2407 amplioris,
476 2357 602 2392 minus
624 2354 784 2403 fatiget,
821 2367 938 2403 quam
972 2354 1111 2391 durum
1141 2345 1369 2402 aridumque
1399 2363 1578 2399 compen-

227 2417 347 2454 dium.
1570 2408 1572 2411 ’

305 2471 783 2512 ·COMPERFND1NAT10
818 2470 939 2518 (min.
971 2469 1084 2516 min„
1119 2471 1223 2515 sen„
1259 2469 1384 2515 eeu.)
1415 2451 1517 2504 nial.
1529 2471 1576 2505 38

224 2532 363 2570 liberae
387 2530 795 2579 comperendinationes
819 2537 941 2576 erant,
970 2528 996 2564 i.
1025 2542 1059 2566 e.
1085 2529 1287 2565 dilationes
1310 2526 1458 2574 judicii.
1494 2526 1575 2564 cio.

223 2591 371 2641 aliquot
393 2589 487 2627 locis
511 2587 670 2624 exhibet
690 2587 1178 2636 comperendinatus,
1210 2597 1277 2622 us.
1419 2582 1421 2585 ’

209 2690 211 2697 ⁴
317 2648 608 2687 COMPETERE
645 2656 668 2681 a
703 2656 795 2681 con
834 2651 999 2693 petere
1041 2645 1068 2682 i.
1099 2657 1134 2681 e.
1173 2643 1315 2694 quasi
1356 2643 1463 2692 pari
1501 2642 1575 2679 in-

220 2718 387 2756 gressu
410 2704 620 2748 tendere,
648 2702 759 2740 inde
783 2713 1062 2751 congruere,
1089 2714 1251 2751 parem
1275 2714 1390 2748 esse,
1416 2699 1572 2751 gleidmt
