1702 2982
606 185 764 248 Septus
795 213 854 221 —
883 183 1018 250 Sequi
1407 189 1493 236 425

144 299 447 344 Massiliensem·
485 298 584 336 Hist.
598 304 631 346 1,
647 304 692 338 88
726 299 839 344 (coll.
852 303 886 345 2,
901 300 974 347 63)
1007 303 1191 349 sepositus
1223 315 1291 352 per
1325 315 1387 340 eos
1419 303 1500 341 dies

106 391 110 393 ,
146 359 339 395 Cornelius
369 356 568 397 Dolabella
599 358 857 395 in'coloniam
886 359 1142 406 Aquinatem5
1175 367 1207 405 1,
1223 367 1266 400 13
1302 374 1399 400 moa:
1431 373 1501 397 su„-

143 423 311 464 spectum
335 435 384 444 --
407 417 449 452 in
471 418 710 464 provinciam
744 417 985 453 Lusitaniam
1017 421 1139 466 specie
1169 420 1367 467 legationis
1391 433 1501 469 sepo-

141 476 236 516 suin
266 472 389 523 cp.46
413 479 518 511 Laco
546 474 778 525 praefectus,
812 482 1000 524 tanquam
1033 477 1076 513 in
1103 478 1272 514 insulam
1303 491 1500 526 seponere-

139 539 216 580 tur,
241 532 292 569 ab
317 540 471 574 evocato
495 554 544 562 —
567 527 781 580 confossus.
830 534 888 572 ef.
915 546 1156 583 reponere
1180 542 1218 572 et
1241 535 1434 574 abdere.

235 593 416 629 SEPTUS
441 594 576 630 transl.
603 594 730 629 Germ.
747 598 792 635 19
816 593 926 642 septa
949 594 1138 642 pudicitia
1162 587 1294 643 agunt.
1335 596 1414 633 cic.
1440 596 1503 634 di-

139 648 196 687 cit
229 650 377 699 legibus
408 659 534 700 septus
542 669 556 696 ‚·
594 652 682 690 Liv.
697 658 731 697 3,
746 651 795 692 44
826 660 1028 701 postquam
1061 655 1190 690 omnia
1219 654 1364 702 pudore
1394 662 1514 702 septa,

139 709 489 755 animadverterat‚·
530 711 635 747 unde
678 713 789 749 Hess.
827 722 917 748 cum
949 711 1038 749 aliis
1075 711 1307 761 quibusdam
1344 724 1366 748 a
1404 713 1500 751 Cod.

137 767 291 804 Arund.
319 768 603 816 suppedimtam
628 770 834 807 lectionem
851 777 979 818 septae
996 772 1269 818 praetulerunt.
1296 771 1370 808 Sed
1388 783 1502 820 prae-

138 831 213 863 stat
237 833 356 874 septa,
383 837 473 862 cum
497 830 612 875 plane
644 841 666 866 e
691 841 798 867 more
829 829 909 866 stili
946 827 1093 864 Tacitei
1123 828 1293 876 dicatur;
1326 830 1376 874 of,
1402 843 1434 868 s.
1459 843 1501 869 v.

138 895 278 938 agere
302 887 433 921 animo
455 894 594 923 moesto
628 900 754 937 agere,
786 890 976 936 corruptis
999 887 1168 924 moribus
1193 900 1270 936 ag„
1312 902 1387 926 uno
1412 903 1502 926 ma-

136 945 305 980 trinwnio
331 957 455 993 agere.
505 946 582 992 Qui
606 947 753 995 primus
781 946 933 995 s'cripsit
965 953 1104 994 septae,
1139 946 1176 983 ei
1209 953 1382 996 vulgare,
1417 961 1501 986 non

136 1001 338 1039 Taciteum
375 1002 531 1039 dicendi
568 1016 688 1053 genus
725 1004 970 1043 obversatum
1006 1011 1074 1046 est,
1121 1007 1254 1055 Neque
1287 1006 1501 1044 admodum

136 1059 336 1098 diversum
359 1073 516 1099 sensum
540 1062 710 1100 efficiunt
741 1071 867 1111 septae
894 1069 932 1100 et
963 1070 1083 1110 septa,
1119 1064 1295 1100 maxime
1327 1077 1388 1114 ap.
1420 1069 1502 1103 Ta-

136 1118 270 1165 oitum,
296 1119 360 1156 cui
385 1133 406 1157 e
434 1119 585 1169 poetico
612 1134 729 1172 quem
754 1122 927 1172 sequitur
950 1122 1138 1172 loquendi
1161 1124 1291 1169 modo,
1319 1125 1500 1163 mulieres

136 1185 246 1227 septa
267 1179 458 1227 pudicitia
482 1188 637 1229 agentes
661 1187 750 1218 sunt
783 1193 835 1217 m.
861 1193 1026 1231 quatum
1058 1181 1248 1230 pudicitia
1282 1182 1378 1231 ipsis
1411 1196 1500 1221 mo-

133 1235 241 1274 ribus
266 1238 418 1274 munita
442 1239 667 1277 custodibus
692 1252 774 1277 nou
799 1246 894 1289 eget.
1219 1286 1221 1290 ,

231 1298 520 1334 SEPULTURA
546 1299 642 1348 quid
667 1299 718 1336 sit
742 1299 886 1347 optime
910 1298 1140 1348 intelligitur
1163 1312 1185 1336 e
1209 1303 1297 1337 loeo
1322 1301 1421 1338 Plin.
1448 1305 1498 1339 H.

134 1357 182 1394 N.
196 1359 230 1401 7,
245 1362 292 1395 55
327 1359 494 1405 sepultus
526 1359 749 1406 intelligitur
782 1370 928 1406 quoquo
959 1357 1066 1394 modo
1101 1359 1288 1405 conditus,
1322 1361 1500 1398 humatus

134 1428 223 1453 vero
247 1417 356 1453 humo
381 1423 513 1452 tectus.
563 1418 629 1453 Est
654 1416 770 1466 igitur-
794 1417 911 1453 etiam
945 1418 1114 1464 sepultus
1149 1417 1257 1464 cujus
1290 1427 1499 1457 crematum

133 1480 193 1511 est
217 1486 369 1523 corpus.
417 1475 516 1511 Hist.
532 1481 565 1519 1,
581 1473 628 1516 47
655 1475 811 1512 concedi
835 1488 996 1525 corpora
1025 1477 1243 1524 sepulturae
1267 1481 1499 1527 cremarique

132 1535 319 1582 permisit,-
351 1535 457 1571 Anu.
472 1535 506 1578 6,
525 1539 573 1576 29
609 1534 779 1571 damnati
801 1535 1006 1583 publicatis
1039 1535 1147 1572 bonis
1176 1538 1374 1584 sepultura
1406 1551 1500 1587 pro-

134 1592 374 1638 hibebantur,
408 1606 606 1642 eorumque
635 1596 700 1642 qui
725 1594 772 1631 de
803 1607 843 1630 se
875 1593 1093 1631 statuebant
1123 1596 1380 1634 humabantur
1411 1610 1498 1634 cor-

128 1663 252 1699 pora5
284 1657 320 1696 3,
336 1656 382 1693 73
410 1657 553 1700 Corpus
578 1654 831 1699 (Germanici)
860 1661 1061 1703 antequam
1095 1664 1332 1701 cremaretur,
1367 1657 1499 1693 nuda-

133 1717 210 1746 tum
233 1713 275 1747 in
290 1711 384 1757 foro
408 1712 727 1759 Antiochensium,
766 1715 830 1761 qui
854 1715 959 1750 locus
982 1714 1199 1761 sepulturae
1234 1715 1504 1767 destinabatur!

132 1769 161 1806 i.
187 1782 224 1806 e.
247 1770 453 1807 cremando
478 1771 651 1819 corpori;
686 1770 833 1808 eineres
867 1772 973 1810 enim
1006 1781 1141 1822 postea
1175 1778 1336 1811 Romam
1355 1776 1497 1812 ‘trans-

132 1827 352 1865 ferebantur
377 1829 442 1876 (cf.
468 1840 529 1877 cp.
546 1834 609 1876 753
634 1835 670 1874 3,
687 1827 795 1876 1.4>;
820 1842 901 1867 non
925 1831 1043 1880 igitur
1068 1834 1106 1869 h.
1121 1824 1147 1870 l.
1172 1823 1366 1882 sepultura
1392 1834 1497 1870 idem

132 1889 237 1931 valet
268 1887 375 1936 quod
406 1890 628 1936 sepulcrum,
663 1900 897 1938 quamquam
929 1893 1222 1941 cenotaphium,
1260 1894 1494 1940 sepulcrum,

133 1958 181 1982 eo
213 1945 420 1993 ipso*loco
453 1946 521 1982 ubi
555 1954 744 1988 crematus
782 1956 838 1986 est
872 1957 1042 1986 erectum
1077 1952 1303 1990 Germanico
1334 1951 1498 2001 legimus

134 2016 196 2053 cp.
211 2011 270 2043 83.
318 2005 427 2042 Nihil
451 2004 617 2053 probant
641 2006 730 2053 loci,
767 2020 865 2057 quos
889 2011 1048 2047 Forcell.
1074 2010 1241 2047 contulit
1275 2011 1354 2048 Cic.
1387 2014 1493 2048 Fam.

135 2062 171 2108 4,
188 2069 233 2101 12
242 2074 254 2110 3
280 2065 383 2103 Suet.
409 2064 498 2102 Tib.
513 2071 546 2112 1,
581 2076 671 2100 nam
696 2065 753 2102 ibi
777 2079 934 2117 quoque
958 2069 1153 2116 sepultura
1185 2069 1382 2117 propriam
1405 2072 1496 2107 reti-

132 2128 199 2159 net
222 2122 319 2172 sign.
349 2135 427 2172 qua
458 2123 502 2159 in
533 2123 763 2160 universum
799 2126 985 2174 exprimit
1015 2126 1207 2163 condendi
1242 2134 1392 2174 actum3
1425 2141 1496 2165 ne-

133 2193 210 2230 que
243 2193 418 2231 unquam
449 2183 682 2231 sepulturam
716 2197 787 2233 pto
823 2187 995 2235 sepulcro
1033 2186 1177 2223 dietam
1204 2183 1297 2223 'esse
1333 2194 1495 2224 conten-

135 2240 271 2281 derim.

230 2300 373 2347 SEQUI
408 2300 641 2340 insolentius
675 2315 807 2353 usurp.
845 2305 973 2341 Germ.
987 2309 1034 2343 38
1070 2304 1277 2340 horrentem
1314 2306 1494 2353 capillum

137 2364 233 2394 retro
258 2366 476 2406 sequuntur.
513 2363 627 2397 Recte
650 2364 815 2399 Passow.
841 2363 888 2398 ad
914 2364 953 2400 h.
967 2365 995 2399 1.
1020 2362 1216 2410 „Tacitus,
1242 2362 1383 2412 inquit,
1409 2364 1494 2412 ipse
1519 2379 1527 2389 ·

136 2417 237 2451 Ann.
251 2422 287 2461 3,
299 2418 346 2459 69
373 2418 641 2459 (adulationem
665 2423 814 2470 longius
837 2424 1022 2470 sequitur)
1040 2424 1144 2470 sequi
1160 2422 1362 2469 usurpavit
1378 2434 1494 2459 sensu

137 2473 246 2511 verbi
271 2476 477 2524 indulgere.
527 2481 574 2515 Et
606 2481 774 2516 crinibus
806 2481 1002 2529 indulgere
1034 2487 1135 2517 recte
1170 2481 1217 2516 de
1250 2480 1298 2516 iis
1333 2480 1491 2526 dixeris,

137 2532 207 2581 qui
240 2535 349 2577 alunt
381 2546 530 2572 comam
566 2550 686 2601 eave
727 2539 984 2586 promittenda
1022 2541 1200 2587 gaudent.
1259 2540 1366 2576 Certe
1398 2550 1493 2574 con-

135 2597 234 2627 torte
269 2593 464 2638 explicare
501 2607 620 2643 quam
655 2604 796 2634 temere
834 2597 1036 2634 emendare
1072 2597 1235 2633 malui.“
1285 2597 1342 2634 cf.
1375 2597 1494 2634 etiam

137 2650 241 2684 Ann-
256 2655 289 2696 1,
303 2646 350 2691 49
375 2654 541 2698 sequitur
564 2655 738 2691 ardorem
765 2658 916 2691 militum
942 2660 1082 2694 Caesar
1115 2655 1142 2691 i.
1168 2668 1202 2691 e.
1229 2655 1406 2703 indulget
1430 2668 1495 2691 ar-

138 2707 235 2744 dori.
292 2711 404 2757 Sequi
434 2710 539 2747 haud
570 2724 657 2750 raro
689 2727 712 2750 a
745 2713 869 2762 poetis
900 2719 939 2750 et
971 2726 1047 2764 arg.
1079 2713 1210 2750 aetatis
1243 2713 1492 2762 scriptoribus
