1702 2982
195 189 204 197 ι
234 142 331 194 '200
362 179 365 185 -
647 149 684 195 F
687 150 860 199 irmator
889 177 945 187 -
975 150 1176 211 Flagrare

339 261 594 300 FIRMATOR
617 263 718 300 Ann.
732 269 767 311 2,
780 262 829 303 46
850 266 958 312 pacis
971 263 1169 309 firmator.
1193 267 1251 303 Ita
1273 273 1463 351 praeterea
1484 267 1588 306 Ptin.-

246 318 356 368 epist.
373 326 438 364 10,
442 327 487 359 38
494 320 686 364 firmator
711 323 931 370 disciplinae
959 325 1147 361 militaris.

342 380 614 416 FIRMITUDO
638 393 678 417 v.
704 381 969 418 claritudo.

341 437 506 474 FISCUS
532 438 684 487 proprie
707 451 774 476 vas
806 439 1019 476 vimineum
1042 443 1107 478 vel
1130 440 1320 489 junceum,
1355 439 1496 489 uvares
1502 439 1588 491 ahy-

247 496 396 536 ευτικός,
420 494 461 530 in
486 506 562 543 quo
587 497 760 543 pecunia,
793 498 962 533 maxime
987 497 1139 546 publiea
1171 499 1414 538 condebatur.
1462 502 1589 549 Impe-

246 558 416 588 ratorum
426 552 671 600 temporibus
695 555 876 603 principis
905 556 1176 622 patrimonium
1208 560 1274 594 vel
1305 559 1433 606 potius
1467 570 1589 607 pecu-

247 610 314 646 nia
339 622 436 659 quae
460 622 510 646 ex
533 610 784 658 imperatoriis
813 613 1022 661 provinciis
1047 615 1122 662 ipsi
1154 615 1302 652 redibat
1331 616 1384 654 ita
1417 619 1592 665 appella-

246 665 371 713 batur,
397 678 486 705 cum
511 669 707 717 aerarium,
734 670 842 716 cujus
867 683 887 708 e
911 673 1105 724 senatoriis
1129 673 1467 721 provinciis-erant
1489 675 1593 712 redi-

247 731 321 769 tus,
340 725 580 773 -reipublicae
604 735 710 764 esset.
758 730 863 765 Ann.
879 733 968 772 1,37
994 743 1079 767 cum
1093 730 1190 775 fisci
1215 734 1259 768 de
1280 734 1503 781 impegaiouye
1525 745 1593 771 ra-

246 786 302 832 pti
325 786 420 820 inter
444 787 560 837 signa
583 785 748 835 inferque
772 789 922 836 aquilas
953 791 1196 836 veherentur,-
1232 791 1302 838 6,2
1333 790 1434 828 bona
1460 791 1594 839 §ciani

248 843 381 879 ablata
413 846 579 890 aerario,
618 853 660 880 ut
690 848 730 881 in
753 845 901 889 fiscum
935 856 1178 896 cogerentur,
1209 857 1393 898 tanquam
1429 849 1592 897 referret.

249 902 306 938 Cf.
333 909 478 950 praeter
501 905 605 939 locos
627 915 649 938 a
673 904 883 941 Forcellino
907 909 1104 954 congestos
1139 920 1160 942 e
1187 907 1276 954 Cic„
1308 907 1490 956 Phaedro,
1525 909 1593 946 Se-

246 971 353 1005 neca,
386 961 481 996 Plin.
505 962 739 1002 Pansam
761 962 935 1009 fortasse
967 977 1043 1000 non
1075 965 1206 1001 eadem
1235 969 1428 1002 severitate
1446 965 1593 1010 fiscum

248 1031 325 1066 qua
350 1021 542 1054 aerarium
571 1020 732 1055 cohibes.
780 1025 901 1057 Immo
926 1029 1031 1058 tanto
1056 1025 1210 1069 majore,
1247 1032 1386 1072 quanto
1406 1026 1496 1072 plus
1525 1025 1594 1063 tibi

248 1078 358 1112 licere
386 1077 432 1112 de
456 1085 518 1113 tuo
545 1091 657 1125 quam
686 1080 733 1114 cle
758 1079 910 1128 publico
936 1081 1069 1117 credis.
1113 1084 1166 1118 ,In
1196 1082 1398 1127 aerarium,
1427 1083 1595 1124 eumad

246 1146 328 1170 rem
353 1134 547 1183 publicam
573 1137 786 1183 pertineret,
813 1138 924 1174 etiam
956 1139 1225 1186 imperatorum
1259 1152 1355 1177 aevo
1387 1140 1533 1178 decreta
1557 1147 1596 1178 et

248 1201 333 1231 acta
367 1194 516 1231 senatus
554 1194 837 1233 deferebantur:
882 1198 984 1234 Ann.
999 1203 1033 1242 3,
1048 1203 1090 1235 51
1116 1197 1277 1243 sacmm
1309 1201 1348 1234 S.
1377 1202 1415 1235 C.
1448 1213 1496 1235 ne
1529 1200 1598 1236 de-

248 1260 351 1288 creta
375 1261 530 1300 patrum
557 1260 644 1288 ante
673 1254 770 1291 diem
803 1255 992 1293 decimum
1027 1256 1081 1293 ad
1113 1258 1306 1292 aerarium
1340 1255 1599 1302 deferrentur,-

250 1316 306 1354 13,
320 1317 365 1350 28
391 1325 436 1347 ne
459 1313 620 1347 multam
648 1312 697 1348 ab
730 1314 776 1348 iis
806 1313 948 1349 dictam
981 1321 1192 1360 quaestores
1225 1316 1364 1350 aerarii
1394 1316 1435 1350 in
1465 1315 1595 1363 publi-

249 1381 317 1405 cas
349 1366 502 1404 tabulas
535 1376 621 1405 ante
655 1378 828 1417 quattuor
859 1384 1006 1407 menses
1047 1371 1239 1416 referrent.
1289 1372 1364 1419 Qui
1401 1380 1598 1420 praeerant

248 1426 406 1471 aerario,
442 1428 538 1475 reip.
574 1429 808 1476 temporibus
834 1416 1067 1478 quae‘stores‚
1102 1429 1142 1463 in
1173 1429 1393 1466 universum
1423 1432 1598 1477 plerum-

248 1479 534 1533 que‘praefecti
561 1489 699 1522 aerarii
723 1500 754 1522 s.
781 1489 928 1522 aerario
955 1486 1195 1531 dicebantur3
1222 1493 1328 1523 erant
1351 1494 1478 1525 autem
1502 1491 1599 1527 Cae-

248 1554 331 1578 sare
359 1551 513 1580 auctore
537 1545 679 1581 aediles
713 1545 803 1589 (Dio
817 1543 874 1588 43,
890 1543 966 1591 48),
1001 1556 1050 1580 ex
1077 1545 1243 1591 Augusti
1279 1545 1453 1583 instituto
1487 1555 1598 1595 prae-

247 1607 348 1637 tores
376 1602 467 1645 (Dio
484 1608 542 1649 53,
560 1608 602 1647 23
629 1604 732 1638 Suet.·
758 1605 838 1639 Oct.
852 1604 928 1649 36),
955 1602 1026 1639 sub
1053 1603 1213 1639 Claudio
1238 1610 1452 1651 quaestores
1479 1607 1597 1652 (Suet.

249 1661 382 1696 Claud.
400 1659 477 1706 24),
505 1660 741 1707 Vespasiano
766 1661 992 1708 imperatore
1017 1660 1155 1696 iterum
1179 1668 1383 1708 praetores.
1411 1662 1465 1699 Cf.
1489 1664 1596 1700 Aun.

250 1723 306 1761 13,
322 1723 378 1755 28
393 1723 459 1762 293
486 1718 584 1754 nist.
598 1716 632 1762 4,
648 1724 682 1762 9,
717 1717 849 1768 ibique
875 1719 1110 1764 Ernestium3
1135 1719 1233 1755 Plin.
1236 1721 1346 1795 ran.
1359 1725 1420 1763 91·
1431 1725 1493 1763 92.
1538 1720 1598 1758 De

247 1776 390 1812 aerario
417 1776 574 1811 militari
598 1789 637 1812 v.
666 1789 695 1812 s.
719 1789 759 1812 v.
784 1778 1037 1814 aerarium.

342 1835 371 1868 Γ
374 1835 619 1869 LAGlTIUM
651 1835 824 1882 proprie,
865 1842 909 1870 ut
939 1835 1136 1872 nonnullis
1166 1834 1290 1871 Plauti
1320 1835 1436 1880 locis,
1471 1835 1598 1878 acris

183 1932 193 1937 N
249 1890 508 1939 turpisque
533 1892 839 1940 efflagitatio
863 1894 1077 1949 Anu-1327
1103 1895 1259 1930 militiae
1278 1896 1433 1946 flagitia
1453 1914 1502 1923 -
1520 1894 1598 1930 ad-

249 1952 445 1995 spernari;
470 1954 504 1994 3,
522 1953 564 1989 17
590 1962 658 1994 pro
686 1952 875 1988 Plancina
902 1963 988 1987 cum
1015 1952 1160 1998 pudore
1182 1959 1215 1987 et
1231 1954 1384 2000 flagitio
1411 1952 1608 1998 dissemit,-
1662 2004 1666 2007 .

243 2009 384 2041 matris
418 2019 549 2051 preces
583 2007 797 2044 obtendens.
856 2009 912 2045 cf.
943 2009 1120 2044 Doederl.
1155 2011 1299 2056 Synon.
1320 2011 1353 2044 11
1387 2022 1426 2056 p.
1451 2008 1519 2050 142
1539 2019 1603 2059 sq:

249 2064 341 2101 Inde
375 2066 493 2112 vulgo
529 2071 584 2100 est
613 2065 639 2100 i.
664 2079 702 2114 q.
735 2068 858 2101 scelus
883 2069 1089 2114 flagrans,
1130 2067 1301 2107 maxime
1331 2067 1480 2116 virgine
1511 2073 1598 2114 post

212 2131 213 2134 ¹
247 2127 399 2168 turpem
440 2121 629 2168 ejusmodi
669 2123 971 2170 efflagitationem
1007 2123 1156 2161 vitiata.
1211 2125 1311 2162 Vide
1343 2124 1457 2162 etiam
1487 2126 1596 2162 Hess.

247 2179 296 2215 ad
323 2180 448 2214 Germ.
474 2179 507 2216 6.
536 2185 593 2216 12.
933 2197 936 2199 ·
1262 2182 1271 2187 ‘

343 2238 599 2272 FLAGRARE
622 2238 923 2285 (FLAGRANS)
959 2241 1087 2277 transl.
1120 2239 1218 2288 sign.
1250 2242 1364 2287 longe
1392 2240 1598 2278 usitatissi-

247 2305 356 2334 mum
381 2294 528 2339 Tacito,
563 2296 663 2342 apud
697 2308 811 2344 quem
847 2299 1073 2345 plerumque
1105 2298 1220 2334 latius
1251 2304 1353 2346 patet
1385 2310 1500 2347 quam
1517 2311 1596 2347 ‘ap-

248 2353 395 2399 priores
420 2352 610 2401 ipsosque.
629 2361 770 2401 poetas,
805 2360 848 2389 ut
872 2355 920 2390 sit
940 2367 1228 2403 monnunquam
1259 2355 1361 2391 idem
1396 2357 1502 2406 quod
1534 2360 1598 2394 vi—

245 2422 344 2458 gere,
360 2410 503 2454 florere
511 2425 523 2453 ,·
549 2420 648 2457 acer,
665 2411 793 2456 ferox,
819 2413 995 2460 cupidine
1018 2414 1079 2448 vel
1105 2414 1229 2449 studio
1256 2414 1418 2458 alicujus
1449 2417 1502 2452 rei
1532 2417 1598 2452 in-

247 2480 399 2514 census,
432 2467 579 2503 intenta
609 2468 791 2504 nimirum
824 2470 963 2505 horum
996 2469 1275 2507 vocabulorum
1307 2470 1363 2508 vi.
1409 2473 1599 2511 Adver-

244 2527 383 2563 bium
407 2526 595 2568 Ann.1,3
617 2527 921 2574 flagrantissime
947 2530 1140 2575 cupiverat
1173 2531 1276 2565 solus
1302 2537 1448 2577 praeter
1479 2530 1595 2567 Taci-

244 2591 326 2620 tum
348 2575 580 2620 Ammianus
612 2595 816 2631 usurpasse
850 2585 1013 2620 videtur.
1037 2605 1086 2613 —
1132 2587 1238 2623 Ann.
1253 2586 1309 2633 14,
1325 2594 1371 2631 39
1394 2591 1595 2638 flagrante

240 2645 353 2679 etiam
378 2650 460 2679 tum
487 2641 677 2686 libertate‚·
708 2640 803 2688 13,4
832 2656 877 2678 ea
901 2646 1066 2681 maxime
1097 2644 1305 2691 declinans,
1338 2659 1498 2695 quorum
1531 2659 1593 2684 re-
