1702 2982
438 203 813 269 Complementum
874 209 1144 275 componere
1406 221 1465 267 99
1496 214 1500 226 ⁸

93 313 245 364 &christ
267 316 404 365 hasten.
455 318 498 368 1)
521 325 767 369 cons-tare,
793 323 917 362 satia
939 323 1124 364 virium
1150 327 1333 371 habere
1355 333 1462 373 Ann.

95 382 132 424 3,
146 374 198 416 46
219 389 340 422 neque
362 377 480 414 oculis·
506 390 627 426 neque
650 379 810 418 auribus
831 383 927 419 satis
951 385 1229 433 competebant3
1261 390 1359 428 Hist.
1367 397 1403 438 3,
1413 395 1460 434 73

91 437 211 473 veluti
233 444 375 486 captus
403 437 527 475 animi
556 450 635 474 non
666 439 802 488 lingua
833 453 911 478 non
941 442 1105 480 auribus
1135 455 1355 494 competere.
1403 451 1459 491 cf.

88 494 283 541 Liv.22,5
314 501 358 531 ut
387 495 463 530 vix
496 495 553 532 ad
587 508 702 534 arma
733 500 930 548 capienda
952 520 1002 529 ·-
1026 511 1252 552 competeret
1283 510 1437 547 animus
1445 525 1461 554 1

87 552 179 589 San.
203 552 305 590 Hist.
328 558 348 593 1
383 565 423 601 p.
438 558 512 596 953
537 554 599 592 ed.
626 557 728 594 Gort.
754 571 873 607 neque
909 563 1039 598 animo
1063 575 1185 612 neque
1208 566 1367 602 auribus
1390 577 1460 606 aut

47 657 50 659 -
86 611 230 663 lingua,
254 618 461 661 competere
469 629 483 658 ‚·
517 613 604 651 Liv.
625 620 661 661 5,
682 614 731 654 42
762 630 840 654 non
871 619 1066 656 mentibus
1096 622 1220 659 solum
1255 627 1457 675 consiperg

85 669 157 706 sed
179 681 227 708 ne
261 671 421 708 auribus
452 673 605 722 quidem
639 682 754 724 atque
782 679 903 713 oculis
924 677 1026 717 ,satis
1062 687 1236 720 constare
1267 691 1456 732 poterant.

84 731 125 776 2)
157 734 454 777 congruere,
493 732 778 771 consentire
811 735 1020 780 Hist.2,5o
1043 737 1165 781 finem
1197 744 1343 780 oraculi
1375 756 1459 782 cum

19 790 26 797 “
85 787 243 825 Othonis
274 790 384 825 exitu
420 793 651 838 competisse.
703 792 892 832 Cf.-P1in.
924 796 976 831 H.
1000 797 1047 833 N.
1064 800 1103 842 2,
1126 795 1174 840 47
1207 804 1387 850 competit
1408 804 1478 831 -’

86 845 276 891 omnibus,
302 845 330 883 i.
355 859 390 884 e.
417 861 550 886 omnes
574 851 836 888 consentiunt.

178 906 599 944 GOMPLEMENTUM
621 911 726 946 Ann.
743 915 778 953 3,
798 915 845 949 38
870 912 1080 957 maiestatis
1103 917 1242 954 crimen
1266 924 1347 956 tum
1374 932 1453 957 om-

82 964 190 1001 nium
212 967 504 1003 accusationum
538 969 849 1015 complementum.
896 971 952 1007 Ita
976 980 1171 1020 praeterea
1193 987 1276 1013 uno
1301 983 1453 1016 tantum

80 1023 170 1059 loco
196 1022 295 1060 Cic-1
312 1024 416 1060 Orat.
431 1025 479 1067 69
511 1025 632 1074 Apud
664 1027 762 1062 alios
793 1035 921 1066 autem
954 1030 1158 1080 (oratores)
1191 1041 1227 1070 et
1260 1038 1454 1075 Asiaticos

78 1083 266 1127 maxime,
291 1095 449 1120 numero
487 1086 700 1131 servientes,
734 1087 932 1134 inculcata
966 1092 1134 1138 reperias
1164 1093 1300 1130 inania
1333 1108 1451 1145 quae—

78 1139 179 1178 dam·
197 1140 318 1178 verba
342 1144 453 1190 quasi
478 1145 753 1192 complementa
778 1159 1040 1186 numerorum.

174 1200 493 1247 COMPONERE,
532 1204 842 1241 COMBOSITUS
874 1207 1012 1243 Tacito
1052 1207 1223 1247 maxime
1265 1210 1452 1262 frequen-

77 1264 223 1306 tantur,
264 1265 304 1296 et
334 1260 379 1296 in
410 1259 638 1298 tmivbrsum
671 1263 832 1311 quidem
867 1273 1122 1314 congruenter
1152 1279 1242 1305 cum
1275 1271 1451 1318 priorum

9 1328 12 1331 f
76 1329 163 1362 usu,
189 1317 257 1357 sed
280 1318 452 1355 maxima
474 1319 795 1368 significationum
829 1323 1024 1366 varietate.
1076 1325 1117 1371 1)
1142 1326 1241 1375 sign.
1273 1329 1324 1365 ad
1356 1343 1450 1378 pro-

76 1375 202 1423 priam
236 1379 304 1424 (ut
338 1379 486 1426 lignum
527 1379 682 1427 aridum
714 1393 939 1429 componere
971 1393 1036 1431 ap.
1077 1385 1241 1433 Horat.)
1270 1388 1449 1435 proxime

45 1430 49 1433 ’
75 1434 280 1472 accedente
304 1449 352 1468 =
377 1424 488 1474 coa⁶e
499 1449 671 1474 ervare
705 1440 805 1477 Hist.
820 1445 855 1484 2,
871 1445 918 1479 55
951 1443 992 1477 in
1023 1450 1160 1483 senatu
1192 1445 1317 1494 longis
1349 1449 1448 1485 alio-

76 1506 164 1529 rum
194 1495 476 1543 principatibus
512 1501 722 1543 composita
753 1501 886 1535 statim
919 1501 1185 1538 decernuntur.
1234 1504 1276 1551 2)
1301 1516 1446 1543 sensu

74 1550 304 1598 judiciali
327 1552 354 1588 i.
371 1565 414 1602 q.
442 1555 742 1593 committere
767 1569 926 1595 coram
950 1558 1115 1606 judice
1144 1561 1445 1613 (constantina)

75 1616 121 1646 ut
145 1622 206 1658 ap.
233 1611 458 1649 Ciceronem
482 1620 520 1650 et
543 1614 640 1651 alios
672 1615 792 1653 simili
822 1617 939 1654 modo
971 1618 1115 1655 dicitur
1145 1631 1445 1670 componere

75 1668 353 1716 gladiatore
366 1683 403 1715 s,
429 1671 532 1707 Ann.
548 1678 605 1719 15,
621 1678 665 1712 51
685 1686 772 1710 cum
790 1676 917 1712 indice
941 1679 1172 1723 composita5
1199 1680 1255 1726 16,
1272 1686 1316 1719 10
1341 1683 1446 1731 quod

74 1727 143 1763 ubi
174 1730 368 1776 cognitum
401 1742 475 1774 reo,
510 1743 622 1779 seque
659 1740 694 1768 et
726 1733 903 1771 libertum
927 1737 1016 1783 pari
1039 1743 1139 1785 sorte
1163 1740 1353 1785 componi.
1399 1741 1444 1789 3)

74 1788 345 1833 collocare,
372 1799 467 1825 ,suo
491 1790 599 1825 loco
632 1790 895 1839 disponere
930 1794 1038 1840 (Cim,
1071 1794 1170 1840 Lim,
1204 1796 1294 1833 aliis
1325 1797 1445 1848 steq.)

73 1845 180 1882 Ann.
202 1851 237 1890 2,
261 1849 282 1886 7
286 1851 306 1884 8
340 1855 608 1883 concurrentes
643 1847 849 1886 desertores
874 1866 947 1900 per
978 1855 1197 1901 manipulos
1229 1856 1443 1904 componit,-

73 1910 109 1949 3,
130 1910 177 1943 38
211 1906 362 1952 plurimi
403 1917 453 1941 ac
485 1908 659 1943 mamime
692 1912 889 1956 compositi
922 1923 1042 1959 regem
1065 1932 1115 1939 —·
1140 1915 1440 1961 circumsidunt,-

71 1961 109 2007 4,
131 1962 179 2004 47
213 1964 355 2000 hostem
379 1983 427 1992 -—
452 1968 699 2014 compositum
735 1967 821 2012 jam
847 1976 918 2016 per
950 1973 1150 2019 angustias
1156 1987 1170 2015 ,-
1211 1983 1272 2020 cp.
1294 1976 1339 2015 73
1375 1976 1440 2022 qui

67 2022 154 2067 jam
180 2023 265 2058 acie
288 2026 508 2071 compositi‚·
537 2030 592 2069 12,
607 2029 655 2066 29
684 2027 838 2062 auaeilia
868 2039 937 2075 pro
969 2031 1058 2078 ripa
1088 2040 1323 2078 componeret
1330 2048 1345 2077 ‚·
1379 2039 1436 2078 13,

73 2078 121 2118 lto
146 2082 232 2116 viae
254 2084 400 2130 pariter
422 2090 457 2119 et
483 2097 640 2132 pugnae
671 2093 934 2133 composuerat
970 2091 1197 2132 exercitum5
1230 2090 1328 2128 Hist.
1346 2098 1379 2138 1,
1392 2095 1439 2134 87

71 2140 233 2187 reliquos
256 2159 306 2167 —·
328 2141 370 2177 in
393 2155 570 2179 numeros
594 2145 752 2192 legionis
775 2154 1038 2193 composuerat
1045 2162 1059 2193 ;
1088 2153 1124 2192 3,
1139 2154 1186 2188 35
1217 2162 1336 2199 vagos
1361 2150 1448 2200 ρα-ι

70 2205 269 2247 veniesque
305 2202 526 2237 Vitellianos
565 2215 637 2238 sua
678 2215 860 2251 quemque
900 2205 1008 2252 apud
1046 2208 1161 2254 signa
1193 2217 1438 2255 componunt,-

71 2254 107 2301 4,
123 2258 169 2295 16
192 2262 363 2295 Batavos
387 2263 550 2308 propriis
575 2263 703 2297 cuneis
733 2266 942 2309 componit,·
974 2276 1034 2313 cp.
1049 2270 1097 2303 35
1127 2265 1283 2303 licentia
1313 2279 1436 2316 vagos

72 2312 304 2363 compositus
342 2318 493 2354 invadit
503 2334 517 2363 ,·
559 2320 685 2356 Germ.
707 2321 732 2358 6
763 2324 864 2357 acies
896 2335 965 2370 per
1003 2335 1141 2360 cuneos
1182 2328 1433 2372 componitur.

71 2375 137 2410 De
168 2375 398 2421 rhythmo
433 2383 480 2413 et
510 2389 711 2415 numero
746 2379 862 2428 igitur
892 2381 999 2417 Ann.
1028 2382 1085 2427 16,
1106 2380 1131 2421 4
1163 2386 1274 2420 certis
1307 2384 1434 2420 modis

71 2434 282 2481 plausuque
322 2437 539 2483 composito.
587 2434 631 2483 4)
667 2437 719 2473 in
751 2437 976 2475 ordinem
1007 2447 1194 2477 certum
1226 2440 1433 2487 justum-

72 2503 164 2539 que
197 2493 424 2541 redigere
454 2506 552 2539 res,
586 2502 638 2531 ut
668 2502 780 2544 apte
813 2496 944 2533 inter
976 2509 1024 2535 se
1057 2499 1355 2537 cohaereant
1387 2508 1432 2538 et

72 2557 344 2597 congruant
368 2558 514 2601 atque
538 2554 653 2590 inde
678 2566 699 2591 c
713 2557 988 2602 calescant,
1013 2563 1058 2593 ut
1077 2568 1139 2605 ap.
1160 2557 1304 2606 priores
1324 2560 1429 2595 haud

71 2618 156 2643 raro
180 2620 255 2645 res
279 2620 562 2657 componere
594 2612 693 2650 Hist.
710 2620 742 2660 1,
760 2619 805 2656 89
838 2627 891 2651 ex
915 2628 986 2662 quo
1011 2615 1124 2653 divus
1141 2622 1344 2665 ,Augustus
1369 2631 1430 2654 res

75 2669 281 2702 Caesarum
316 2673 520 2716 composuit
529 2687 541 2715 ,-
580 2683 640 2720 cp.
661 2677 707 2710 33
749 2685 827 2708 non
869 2674 1171 2722 exspectandum
1211 2683 1253 2711 ut
1292 2676 1428 2722 (otho)

73 2726 290 2773 compositis
317 2727 453 2763 castris
478 2727 519 2773 (i.
544 2740 579 2765 e.
602 2728 717 2766 rebus
740 2729 819 2767 suis
851 2730 895 2766 in
928 2731 1062 2769 castris
1094 2733 1291 2779 ordinatis,
1324 2734 1428 2770 mili-

1078 2791 1111 2826 G
1126 2796 1150 2829 2
