1702 2982
6 2711 18 2747 ’ἰ

545 250 548 254 .
613 186 954 247 Eraefatio
1234 246 1236 248 r
1342 200 1345 209 ²
1436 195 1520 234 V'

107 310 191 374 ipsi
222 309 435 359 doctrinae
453 306 719 353 *excolendae
749 307 807 353 'ac
836 308 1155 369 promovendae
1187 308 1463 371 prospiciunt,

106 410 231 446 omne
263 408 362 439 vero
392 391 591 447 medium,
622 390 836 452 nullisque
868 391 992 436 certis
1023 391 1179 438 finibus
1208 409 1364 454 vagum
1384 410 1464 437 nec

55 484 58 487 '
105 476 311 522 tironibus
353 471 573 538 prodesse,
619 491 755 536 neque
800 491 902 519 vero
948 475 1076 520 etiam
1123 476 1257 522 doctis
1302 493 1462 536 magno

102 559 340 622 uspiaesse,⁴
392 558 482 606 Illis
512 550 640 619 igitur
670 568 711 603 et
739 557 785 602 in
815 558 1091 619 grammatica
1123 569 1213 603 arte
1245 558 1352 603 etin
1374 559 1474 610 dis-J

40 663 44 666 ·
100 642 309 706 ponendis
341 642 683 705 explicandisque
716 641 941 687 verborum
970 641 1349 703 significationibus
1384 643 1457 688 Ci-

101 744 197 772 cero
240 743 450 773 summum
495 735 764 789 proponatur
809 718 932 771 latini
971 725 1181 781 sermonis
1228 725 1457 787 exemplar,

98 826 186 855 non
215 809 341 872 plane
373 819 516 854 tamen
546 808 848 870 praetermissa
880 819 1124 865 ceterorum,
1158 809 1232 870 qui
1259 809 1305 853 in
1333 808 1458 854 sebo-v

97 893 148 938 lis
178 892 388 954 leguntur,
419 891 689 945 auctoritate3
725 889 791 935 his
833 903 972 939 autem
1009 910 1090 955 pro
1128 892 1249 937 virili·
1277 893 1456 954 quisque

96 987 216 1040 parte
250 975 373 1020 altius
413 975 676 1037 penetrando
718 985 845 1036 atque
883 975 1018 1023 acrius
1061 976 1358 1038 investigando
1389 987 1454 1020 to—
1514 1016 1516 1018 ,

0 1082 2 1085 ’
47 1116 51 1117 ⁷
96 1060 177 1106 tius
208 1058 475 1118 latinitatatis
508 1069 707 1120 suggerat
736 1057 991 1103 thesaurum.
1053 1059 1353 1124 Yeruntamen
1384 1060 1458 1138 gui

95 1143 191 1188 hnic
222 1141 463 1191 satisfacere
495 1142 610 1187 volet
639 1142 826 1202 negoti0‚
857 1142 1049 1189 modicas
1082 1160 1186 1205 opes
1217 1159 1317 1190 suas
1340 1160 1455 1188 eam-

97 1244 176 1289 que
209 1237 367 1272 certam
397 1226 646 1287 firmamque
678 1226 999 1288 possessionem
1036 1226 1080 1271 in
1121 1227 1313 1272 medium
1355 1242 1454 1271 con-

25 1323 27 1325 “
92 1311 224 1366 serat,
269 1325 358 1354 non
402 1325 557 1353 vanam
602 1308 842 1371 fluxamque
890 1309 1114 1371 gloriolam
1163 1310 1455 1372 quaesiturus,

31 1426 41 1435 .
95 1394 184 1449 sed,
225 1393 325 1438 dum
354 1410 483 1436 unum
515 1391 783 1454 solidumque
822 1392 1057 1447 litterarum
1088 1392 1357 1439 commodum
1389 1411 1455 1438 se-

93 1487 239 1535 ctatur,
283 1493 334 1520 ea
363 1475 674 1538 propositurus,
700 1493 825 1537 'quae
867 1493 952 1521 una
993 1480 1088 1522 cum
1129 1477 1277 1522 ceteris
1318 1477 1456 1521 nostri

95 1560 188 1629 aeri
217 1558 422 1604 fructibus
461 1559 507 1604 in
546 1558 792 1605 thesaurum
833 1559 953 1604 illum
997 1572 1202 1622 congerat
1242 1560 1455 1623 posterior

93 1654 225 1688 aeta'S.
263 1642 467 1704 »Optime
498 1659 599 1687 vero
630 1643 675 1687 in
714 1642 781 1687 his
823 1643 949 1688 rebus
989 1644 1228 1689 versabitur
1267 1645 1454 1689 virorum

94 1727 314 1777 doctorum
335 1741 445 1769 ‘cura
476 1735 518 1770 et
547 1725 770 1782 industria,
804 1726 841 1770 si
872 1726 1061 1788 singulas
1097 1728 1276 1790 quisque
1301 1727 1454 1773 harum
1490 1760 1491 1763 ,

92 1810 324 1854 litterarum
365 1819 508 1871 partes
541 1809 624 1853 sihi
663 1809 906 1871 sumpserit,
946 1810 991 1855 in
1031 1810 1182 1872 quibus
1216 1811 1455 1858 doctrinam

93 1909 215 1941 suam
247 1902 451 1937 exerceat.
513 1892 574 1936 Et
613 1903 711 1937 sunt
750 1892 943 1955 profecto
982 1894 1142 1939 nostris
1181 1894 1456 1956 potissimum

91 1976 351 2038 temporibus
389 1974 505 2030 haud
546 1976 694 2038 pauci,
748 1976 820 2038 qui
861 1979 1030 2039 egregie
1071 1992 1247 2040 prorsus
1287 1978 1333 2023 in
1373 1977 1454 2028 hoc

91 2076 246 2120 genere
287 2058 576 2114 elaborarunt,
620 2069 665 2108 ets
701 2059 749 2109 in
786 2059 1041 2122 explicanda
1083 2061 1291 2124 altiusque
1330 2078 1452 2124 repe-

91 2143 222 2191 tenda
251 2141 475 2188 Verborum
506 2142 812 2202 significatione
844 2155 884 2188 et
915 2144 959 2194 in
990 2145 1259 2192 emendanda
1287 2145 1452 2191 ratione
1492 2184 1494 2187 .

92 2225 367 2288 grammatica
407 2218 592 2269 studium
640 2226 768 2288 plane
812 2226 1007 2276 eximium
1049 2228 1332 2282 collocante83
1374 2245 1454 2273 nec

92 2309 231 2355 minus
264 2308 479 2362 laudanda
510 2319 574 2357 est
605 2326 753 2355 eorum
781 2326 925 2374 opera,
967 2311 1038 2372 qui
1076 2311 1192 2357 idem
1233 2311 1341 2356 illud
1383 2327 1471 2357 as-‹

93 2392 212 2453 sequi
242 2391 486 2436 studuerunt
526 2393 781 2450 accuratiore
825 2394 1079 2456 scriptorum
1120 2395 1350 2440 latinorum
1389 2394 1453 2438 in-

92 2474 404 2536 terpretatione.
466 2473 585 2521 Nam
625 2494 720 2520 cum
756 2477 802 2521 in
843 2477 1013 2540 linguae
1044 2478 1202 2523 latinae
1239 2477 1453 2532 thesauro,

72 2557 185 2602 sive
218 2544 273 2601 sit
300 2557 479 2613 lexicon,
513 2557 602 2603 sive
635 2575 742 2622 opus
776 2562 1111 2622 grammaticum,
1146 2572 1186 2607 et
1214 2560 1332 2606 hau-d
1364 2560 1452 2605 scio
1502 2568 1505 2572 '

96 2655 152 2684 an
182 2640 227 2684 in
256 2639 332 2684 illo
364 2641 534 2701 quidem
574 2642 732 2708 optime
772 2654 993 2707 utrumque
1033 2644 1318 2706 conjunxeris,
1363 2660 1454 2687 om-

72 2723 210 2768 nium
242 2722 414 2768 omnino
445 2724 695 2787 scriptorum
734 2744 857 2772 usum
900 2721 1145 2790 congesturix
1185 2726 1458 2790 explicatum-

1523 214 1531 231 Χ
