1702 2982
560 201 734 266 Indigus
765 233 822 244 -
851 207 1058 257 Indubius
1093 260 1097 264 ,
1270 191 1274 194 ⁶
1408 223 1498 273 257

215 313 256 358 e)
279 312 424 352 rariora
447 319 539 352 sunt
563 328 626 365 ap.
651 318 830 357 Tacitum
862 325 1052 372 exempla
1065 327 1218 376 wlgari
1241 331 1397 371 dicendi
1422 337 1490 386 ge-

113 368 201 406 neri
235 368 533 419 accommodata,
571 382 616 412 ut
651 377 750 414 Hist.
764 383 800 424 2,
816 380 865 417 66
907 383 1114 422 exarsisset
1136 407 1186 416 -—-
1208 390 1250 426 ni
1285 392 1485 442 fecisse'nt3

43 439 47 442 ·
111 425 150 472 ll,
166 427 214 467 34
237 429 272 477 si
294 429 539 469 instruxisset
563 437 686 473 aciem
715 456 763 464 —
789 440 984 477 circumiri
1007 445 1216 494 nequisset,
1244 455 1302 486 et:
1342 451 1374 488 si
1398 464 1486 490 ma-

111 491 284 535 turasset,
309 490 454 526 solvere
478 490 669 531 obsidium
693 515 743 522 —
764 497 966 544 potuisset.
991 522 1040 529 ·—-
1087 506 1377 557 Nonnunquam
1401 511 1486 548 im-

108 545 387 592 perfectum
420 561 506 597 pro
541 554 1036 603 plusquamperfecto
1069 563 1239 610 positum
1270 565 1479 615 invenitur,

108 602 218 651 cujus
242 604 297 641 rei
322 606 456 644 eadem
482 609 560 646 sere
584 612 681 648 ratio
706 619 774 657 est,
801 626 901 663 quae
924 616 1075 666 impetf.
1101 620 1307 662 indicativi
1331 627 1389 674 (v.
1410 640 1480 665 su-

105 672 180 711 pra
199 663 263 711 a>=
286 654 518 714 Ann.12,37
544 672 578 705 si
601 674 731 707 statim
758 673 910 725 deditus
935 677 1113 724 traderer,
1140 693 1260 729 neque
1282 697 1370 721 mea
1382 686 1478 733 for-

103 725 213 766 tuna,
247 716 366 771 neque
389 733 460 762 tua
490 729 620 776 gloria
644 733 905 776 z‘nclaruisset;
936 735 1036 772 Hist.
1049 743 1084 783 3,
1099 740 1145 778 63
1179 739 1290 778 tanta
1319 746 1476 794 torpedo

101 779 300 828 invaserat
323 786 508 832 animum,
535 794 587 832 ut,
613 789 649 824 si
667 793 884 841 principem
909 807 995 831 eum
1011 794 1140 844 fuisse
1160 803 1273 836 ceteri
1294 815 1371 841 non
1392 818 1474 841 me-

105 839 322 887 minissent,
356 844 438 891 ipse
462 843 771 895 oblivisceretur;
805 851 937 900 Agric.
952 856 999 892 16
1023 857 1126 904 quod
1149 860 1294 907 nisil—
1312 875 1475 913 propere
1535 885 1537 888 ·

101 895 357 945 subvenisset,
395 905 542 939 amissa
569 909 774 944 Britannia
810 910 935 956 foret}
961 924 1022 961 cp.
1037 916 1086 952 26
1116 918 1220 965 quod
1249 922 1326 956 nisi
1352 924 1472 970 palu-

100 954 168 991 des
190 947 240 984 2-
263 961 458 1007 texissent,
486 962 714 1003 debellatum
739 966 786 1003 eci
809 970 971 1006 victoria
994 972 1118 1018 foret.
1168 977 1226 1014 Cf.
1250 979 1336 1017 Liv.
1351 987 1408 1028 10,
1421 981 1466 1021 41

97 1025 170 1050 nec
201 1019 464 1056 sustinuissent
487 1041 536 1048 ·—
559 1025 600 1059 ni
625 1043 672 1051 —
695 1025 927 1074 retinerent3
972 1031 1063 1067 Sall.
1097 1034 1182 1083 Jug.
1205 1041 1264 1081 59,
1289 1043 1312 1076 3
1347 1053 1469 1089 neque

97 1071 240 1110 diutius
270 1078 465 1114 Numidae
497 1084 683 1119 restistere
714 1088 931 1132 quivissent,
966 1091 1017 1134 nz*
1038 1092 1186 1137 pedites
1210 1115 1260 1122 --
1285 1097 1464 1143 facerent.

93 1129 198 1168 Vide
221 1133 297 1169 alia
321 1139 500 1185 exempla
532 1151 595 1188 ap.
623 1143 796 1180 Cortium
829 1145 876 1180 ad
902 1145 942 1181 h.
970 1148 997 1183 1.
1024 1155 1062 1185 et
1085 1152 1277 1190 Drakenb.
1302 1156 1351 1192 ad
1376 1159 1462 1197 Liv.

93 1193 153 1236 38,
167 1195 202 1235 2,
218 1196 252 1236 2,
279 1194 443 1240 0011.34,
462 1203 518 1241 11,
533 1203 569 1235 2.
604 1201 762 1248 Optime
787 1203 836 1238 de
860 1206 1033 1254 enallage
1059 1207 1212 1257 imperf.
1238 1225 1309 1260 pro
1334 1218 1460 1268 plusq.

91 1247 234 1298 disput.
248 1251 420 1290 Etzlerus
445 1267 484 1292 v.
498 1256 743 1297 doctissimus
768 1261 811 1297 in
822 1262 963 1298 Annal.
973 1265 1085 1304 Jahn.
1100 1269 1189 1305 Vol.
1202 1274 1271 1307 XI.
1297 1274 1387 1312 fasc.
1402 1281 1436 1313 2.

183 1309 384 1347 INDIGUS
409 1313 508 1352 Hist.
522 1321 557 1362 3,
573 1321 619 1353 22
644 1318 798 1367 indigus
822 1322 981 1357 rectoris
988 1338 1003 1364 ;
1028 1335 1088 1371 cp.
1101 1323 1148 1364 48
1173 1329 1306 1368 urbem
1330 1342 1461 1371 eoeter..

87 1375 163 1400 nae
186 1369 267 1414 opis
292 1370 481 1418 indigam.
506 1375 662 1410 Poetica
685 1388 731 1412 ea
754 1389 848 1423 vox,
872 1379 1018 1427 legitur]
1035 1383 1152 1420 etiam
1173 1398 1234 1435 ap.
1248 1391 1346 1441 Plin.
1366 1394 1457 1443 maj.
1510 1407 1513 1413 ¹

183 1425 502 1466 INDISCRETUS
535 1432 604 1480 qui
636 1433 802 1471 discerni
834 1449 915 1472 non
948 1446 1104 1486 potest‚²
1126 1455 1189 1492 ap.
1215 1448 1325 1497 Virg.
1351 1452 1450 1490 Aen.

89 1487 147 1526 10,
159 1488 231 1525 392
256 1487 467 1524 simillima
473 1491 600 1536 proles
628 1494 844 1531 Indiscreta
876 1499 958 1532 suis
988 1506 1198 1550 gratusque
1225 1512 1453 1553 parentibus

86 1553 210 1587 errem
234 1543 302 1592 qui
326 1544 510 1595 disjungi,
538 1551 654 1587 avelli
680 1564 761 1588 non
786 1561 920 1607 potesf,
947 1568 1009 1605 ap.
1036 1567 1213 1599 nostrum
1240 1567 1450 1617 Hist.l1‚52

29 1623 33 1628 ·
84 1612 197 1637 suum
231 1605 366 1651 cuique
399 1610 622 1654 sanguinem
657 1611 848 1658 (prolem)
886 1616 1163 1657 indiscretum·
1198 1624 1256 1661 Cf.
1289 1627 1450 1674 Quintil.

84 1665 206 1706 1,2‚3
235 1662 372 1706 juncta
395 1665 472 1700 ista
498 1674 609 1715 atque
631 1670 839 1708 indiscreta
864 1682 965 1711 sunt.
1013 1677 1107 1714 Alia
1138 1680 1230 1718 vide
1259 1696 1321 1733 ap.
1354 1688 1452 1725 'For-

78 1719 279 1758 cellinum.
1171 1777 1175 1783 ,

173 1779 507 1820 INDISPOSI'I'US
534 1783 559 1820 i.
587 1798 625 1835 q.
652 1787 944 1840 incompositus,
978 1807 1058 1832 vox
1084 1809 1146 1845 ap.
1173 1801 1302 1838 solum
1329 1806 1449 1843 Taci-

76 1841 163 1871 tum
187 1836 305 1875 obvia
329 1841 428 1877 Hist.
443 1847 478 1889 2,
494 1844 538 1882 68
565 1847 673 1894 apud
708 1851 903 1888 Vitellium
934 1857 1066 1891 omnia
1096 1857 1346 1909 indisposita,
1382 1873 1442 1902 te-

75 1897 257 1931 mulenta.
752 1906 754 1908 ’

172 1956 516 1997 INDISTINCTUS
530 1964 713 2010 Ann.6,8
728 1967 953 2007 indistincta
978 1973 1074 2011 haec
1100 1976 1270 2023 defensio
1294 1989 1329 2019 et
1350 1997 1443 2032 pro—

73 2013 223 2049 miscua
248 2015 425 2054 dabitur?
458 2021 585 2058 Utitur
608 2023 649 2059 h.
674 2036 771 2062 voce
797 2036 944 2076 praeter
969 2033 1162 2073 Catullum
1185 2046 1439 2094 nostrumque

19 2086 20 2089 =
71 2070 244 2108 maxime
270 2075 543 2121 Quintilianus.

166 2132 456 2173 1ND1V1DUUS
487 2140 594 2176 Ann.
609 2142 643 2186 6,
661 2148 705 2180 10
736 2146 916 2184 Rhodum
949 2154 1067 2187 secuti
1108 2155 1232 2203 (eum)
1265 2165 1300 2194 et
1331 2163 1441 2209 apud

74 2192 244 2236 Capreas
267 2193 469 2232 individui.
503 2198 610 2234 ‘Alio
642 2202 760 2239 modo
792 2206 923 2245 Cicero
949 2210 997 2246 de
1029 2214 1180 2259 atomis,
1215 2228 1312 2265 quas
1345 2220 1441 2258 dicit

70 2248 274 2286 individua
321 2264 480 2300 corpora
521 2269 553 2292 s.
595 2266 821 2307 corpuscula
861 2273 899 2303 et
943 2268 1172 2318 simpliciter
1220 2276 1435 2325 individua,

67 2306 183 2344 etiam
208 2310 394 2358 singulari
418 2325 593 2352 numero.
623 2318 762 2358 'Nemo
787 2332 980 2371 praeterea
1012 2330 1052 2365 h.
1079 2343 1118 2368 v.
1151 2343 1246 2371 usus
1269 2347 1350 2373 esse
1374 2336 1455 2376 xri-³

69 2364 197 2411 delun-3
223 2370 476 2407 individuitas
504 2375 641 2423 legitur
666 2391 728 2426 ap.
754 2384 1048 2428 Tertullianum.
1420 2390 1423 2403 ¹

163 2426 418 2477 INDOLERE,
445 2434 778 2476 INDOLESCERE
792 2442 997 2488 Anu-4,17
1023 2452 1182 2495 aequari
1207 2452 1432 2493 adolescen-

26 2528 30 2530 η
67 2487 122 2515 tes
145 2493 314 2522 senectae
337 2502 430 2525 suae
454 2493 694 2540 impatienter
718 2499 890 2537 indoluit.
941 2504 997 2538 Ita
1024 2510 1142 2543 semel
1169 2509 1312 2556 Cicero,
1347 2526 1432 2551 sae-

0 2547 3 2549 ’
67 2538 157 2586 pius
182 2550 314 2588 poetae
346 2554 383 2584 et
403 2558 613 2598 *argenteae
638 2557 772 2595 aetatis
798 2560 1004 2608 scriptores
1029 2565 1246 2604 Forcenino
1271 2570 1430 2619 quidem

65 2603 231 2634 auctore.
278 2624 279 2627 =
862 2632 864 2635 ν

162 2658 391 2699 INDUBIUS
423 2667 621 2717 (Quintil.)
658 2673 765 2710 Ann-
782 2673 839 2720 14,
854 2674 901 2715 45
935 2679 1188 2726 plurimorum
1228 2686 1429 2726 indubiam

64 2715 319 2756 innocentiam
341 2725 622 2785 miserantium.

112 2779 205 2809 Lex.
223 2782 414 2817 Taciteum.
1114 2803 1144 2836 R
