1702 2982
673 176 983 242 eonjunetivus
1363 184 1366 195 ’
1431 209 1513 254 115

138 395 265 432 ‚rimas
294 399 563 447 praefecturas
598 409 802 455 corripiat5
843 412 887 459 6,
907 420 956 455 38
996 431 1075 458 non
1100 426 1207 478 ¹enim
1244 430 1432 472 Tiberium
1458 458 1507 467 —-

135 457 297 501 tempus-5
327 469 480 508 preces,
517 466 641 503 satias
672 471 921 522 mitigabant,
962 480 1056 526 quin
1088 482 1236 522 incerta
1264 492 1327 526 vel
1359 493 1506 534 abolita

127 521 201 558 pro
222 516 456 562 gravissimis
481 527 515 556 et
539 527 750 563 recentibus
771 533 923 578 puniret
930 548 948 576 ψ
970 541 1027 582 12,
1042 544 1091 577 32
1116 543 1280 581 Silurum
1301 554 1397 596 gens
1421 567 1500 593 non

129 571 357 620 atrocitate„
372 587 451 613 non
483 580 684 620 clementia
709 590 959 639 mutabatur,
1003 600 1096 645 quin
1127 600 1261 652 bellum
1295 619 1501 661 exercerem

120 629 189 673 15,
203 630 250 670 57
275 637 320 668 at
344 633 454 673 illam
477 651 554 676 non
586 635 745 683 vei-bera
769 669 819 678 -—·
836 656 1044 704 pervicere,
1078 662 1172 707 quin
1207 662 1354 709 objectu
1384 670 1501 709 dene-

87 696 101 703 *
123 694 247 733 garet.
268 709 320 719 -
363 693 436 730 Pro
463 699 557 745 quin
583 703 767 749 particula
794 708 1000 759 Ciceronis,
1026 715 1143 764 Livii,
1169 722 1334 762 aliorum
1359 740 1497 768 exem-

125 746 193 794 plo
218 754 260 784 ut
283 762 361 788 non
384 758 589 804 usurpavit
621 761 720 799 nist.
738 762 773 811 4,
795 770 841 807 73
876 770 1035 810 libertas
1068 784 1103 812 et
1134 785 1305 827 speciosa
1338 793 1497 830 nomina

122 805 416 857 praetexuntur,-
448 827 520 851 nec
544 820 740 868 quisquam
773 828 942 866 alienum
979 837 1168 873 servitium
1200 847 1236 876 et
1268 843 1496 888 dominatio·-

121 874 212 903 nem
236 867 311 904 sibi
334 866 563 920 concupiuit,
590 885 631 914 ut
655 893 732 917 non
759 885 892 923 eadem
917 889 992 926 ista
1016 894 1209 943 vocabula
1234 912 1449 951 usurparet.

215 924 263 972 h)
286 929 466 967 nedum
493 933 533 979 1)
557 945 578 971 e
603 938 753 988 vulgari
777 941 934 983 dicendi
959 959 1097 997 genere
1121 965 1210 992 cum
1237 961 1486 1008 conjunctivo

117 981 365 1030 conjunctum
398 989 542 1038 legitur
571 1001 660 1041 post
690 1000 931 1048 negationem
962 1009 1067 1047 Ann.
1082 1017 1116 1059 3,
1133 1016 1178 1055 73
1212 1028 1260 1052 ne
1298 1023 1485 1069 Spartaco

117 1042 497 1101 quidem—dutum,
524 1058 566 1087 ut
584 1063 702 1100 pacto
727 1060 768 1094 in
781 1060 910 1103 fidem
937 1070 1198 1116 acciperetur:
1221 1078 1361 1117 nedum
1390 1088 1485 1132 pul-

72 1113 74 1115 >
114 1101 300 1140 cher-rimo
333 1109 473 1155 populi
513 1113 681 1149 Romani
712 1114 883 1167 fastigio
920 1126 1154 1174 Tacfarinas
1184 1145 1284 1181 pace
1305 1159 1355 1169 -ο
1379 1146 1485 1182 redi.

112 1167 299 1207 meretur;
322 1164 423 1202 Hist.
435 1171 471 1212 2,
487 1173 534 1208 38
561 1183 638 1209 ηοη
664 1174 872 1216 discessere
894 1183 945 1219 ab
972 1191 1093 1224 armis
1126 1192 1167 1227 in
1191 1196 1399 1237 Pharsalia
1432 1218 1482 1242 αο

110 1218 307 1268 Philippis
330 1225 473 1262 civium
498 1229 682 1278 legiones.-
706 1237 842 1274 nedum
872 1243 1029 1280 Othonis
1054 1260 1104 1284 ac
1130 1254 1272 1291 Vitellii
1296 1265 1480 1301 exercitus

108 1285 245 1324 «ponte
266 1284 431 1328 posituri
456 1285 597 1325 bellum
612 1291 779 1338 fuerint.
828 1303 868 1345 2)
894 1302 1019 1340 Etiam
1052 1307 1194 1347 omisso
1220 1316 1350 1362 verbo,
1383 1333 1478 1360 con-
1516 1366 1519 1368 ,

107 1343 269 1382 gruente
294 1340 479 1380 nimirum
505 1352 722 1398 temporum
755 1357 920 1405 ratione,
959 1375 1059 1412 quae
1084 1367 1234 1408 diversa
1260 1382 1316 1412 est
1347 1377 1390 1415 in
1415 1383 1479 1419 lo-

106 1391 163 1430 cis
197 1407 314 1445 supra
347 1404 567 1452 propositis,
604 1411 744 1449 nedum
781 1414 996 1460 involvitur
1029 1427 1142 1473 quasi
1179 1431 1353 1482 reliquae
1386 1450 1476 1477 ora-

102 1450 220 1499 tioni,
265 1457 415 1498 duabus
450 1468 649 1506 sententiis
683 1471 724 1507 in
757 1486 875 1512 unam
907 1483 1114 1521 contractis
1143 1488 1331 1536 Hist.5‚5
1363 1500 1474 1537 nulla

102 1511 316 1551 simulacra
347 1519 507 1558 urbibus
545 1529 646 1574 suis,
691 1532 830 1568 nedum
867 1540 1018 1585 templis
1052 1544 1204 1588 sinunt,·
1233 1551 1335 1589 Anu.
1352 1561 1407 1603 13,
1426 1565 1471 1598 15

100 1570 256 1607 inrisum
283 1587 329 1609 ex
352 1590 392 1613 eo
418 1591 582 1626 sperans
610 1591 721 1633 pueri
752 1592 894 1631 sobrios
920 1608 1068 1647 quoque
1091 1609 1304 1660 convictus,
1323 1617 1468 1656 nedum

98 1631 319 1670 temulentos
343 1635 575 1687 ignorantis;
600 1649 635 1689 2,
649 1644 697 1684 42
722 1651 875 1698 regibus
909 1667 1045 1704 aequa,
1079 1663 1220 1701 nedum
1246 1669 1380 1713 infima
1403 1678 1466 1713 in.-

97 1686 210 1724 5olita
235 1698 335 1730 sunt.
384 1697 519 1746 Neque
542 1704 724 1742 recedunt
740 1709 836 1746 haec
859 1716 1048 1763 avulgari
1072 1732 1158 1758 usu.
1207 1726 1250 1772 3)
1274 1730 1465 1771 Praeeun-

95 1744 198 1783 tibus
225 1748 361 1797 prioris
386 1757 526 1794 aetatis?
543 1771 679 1807 prosae
705 1768 887 1808 orationis
919 1774 1170 1824 scriptoribus
1195 1785 1351 1826 Tacitus
1375 1804 1464 1831 sae-

94 1804 252 1852 pissime
283 1809 339 1846 ibi
371 1812 488 1851 etiam
515 1819 657 1857 nedum
697 1836 873 1875 usurpat,
918 1830 987 1869 ubi
1028 1836 1158 1876 minus
1192 1850 1298 1890 patet
1335 1848 1379 1886 in
1411 1852 1461 1889 iis

93 1875 192 1911 quae
216 1870 450 1914 praecedunt
482 1879 653 1924 negandi
691 1882 772 1928 vis,
810 1886 929 1924 immo
961 1891 1067 1930 deest
1102 1909 1258 1945 prorsus
1293 1908 1459 1955 quibus-

91 1921 181 1959 dam
205 1923 320 1964 locis:
351 1929 503 1977 Anuli,
523 1941 565 1974 11
601 1941 685 1986 quis
717 1945 818 1980 enim
851 1947 896 1996 (i.
922 1962 955 1987 e.
987 1956 1118 2001 nemo)
1152 1961 1330 2001 mediocri
1356 1979 1457 2015 pru-

89 1980 229 2030 dentia,
255 1986 395 2025 nedum
425 1992 596 2031 Tiberius
618 2018 665 2025 --
692 1998 862 2050 offerret;
902 2013 958 2054 15,
973 2015 1021 2053 59
1055 2017 1169 2052 etiam
1191 2019 1320 2066 fortes
1350 2029 1455 2065 viros

85 2098 194 2147 dere)
216 2103 362 2146 *nedum
392 2109 455 2145 ille
486 2116 658 2151 scenicus
682 2137 733 2145 ·-
755 2132 861 2158 arma
886 2132 1028 2164 ‘contra
1062 2134 1174 2170 cieret
1182 2152 1196 2180 ,·
1236 2140 1336 2183 Hist.
1351 2150 1386 2191 3,
1403 2147 1452 2185 66

82 2158 245 2197 Fabium
269 2164 345 2199 illis
373 2169 571 2207 Valentem
592 2192 643 2211 ,-
666 2180 923 2228 pfiaegr⁴avem
944 2187 1093 2233 fuisse.-
1129 2196 1264 2233 nedum
1295 2204 1449 2241 Primus

81 2229 130 2252 ac
153 2223 300 2258 Fuscus
323 2244 371 2252 —-
397 2228 519 2265 ullam
541 2232 582 2267 in
610 2235 802 2274 Vitellium
826 2243 901 2278 nisi
928 2249 1126 2286 occidendi
1151 2254 1446 2299 licentiam‘ha-

79 2276 216 2321 beantf
237 2282 339 2318 Ann.
357 2289 412 2329 13,
428 2289 474 2325 38
501 2291 712 2340 cuicunque
736 2303 967 2348 mortalium,
995 2309 1136 2347 nedum
1154 2318 1273 2351 veteri
1293 2326 1328 2355 et
1347 2332 1443 2368 pro-

80 2336 170 2373 vido
197 2339 288 2375 duci
311 2341 504 2382 barbarae
540 2355 701 2389 astutiae
730 2362 943 2403 patuissent
975 2364 1021 2405 (i.
1047 2380 1081 2404 e.
1114 2373 1332 2421 neminem,
1371 2392 1442 2416 ne-

79 2393 173 2431 dum
195 2417 244 2425 —
267 2399 406 2438 ducem
430 2424 479 2433 —-
504 2408 742 2459 latuissent);
778 2427 838 2465 cp.
851 2424 899 2457 20
936 2424 1006 2459 sed
1040 2429 1262 2478 cuicunque,
1297 2438 1438 2482 nedum

76 2457 246 2500 parenti,
281 2458 529 2506 defensionem
560 2469 804 2511 tribuendam
836 2477 884 2524 (i.
910 2491 943 2516 e.
975 2480 1123 2523 nemini
1158 2509 1206 2516 —
1239 2491 1437 2544 denegaru-

77 2511 201 2559 dam).
249 2515 306 2554 cf.
334 2520 410 2558 Cic.
445 2525 550 2563 Fam.
564 2529 598 2573 7,
613 2533 660 2568 28
695 2530 924 2574 domicilium
957 2540 1072 2587 hujus
1105 2547 1210 2585 urbis
1233 2571 1282 2579 -—
1305 2557 1435 2601 aptius

86 2641 145 2686 ”*)
171 2647 252 2679 Non
284 2652 417 2693 ubique
447 2658 644 2693 addidimus
676 2663 858 2706 ejusmodi.
881 2670 1221 2721 interpretationem,
1255 2692 1336 2716 cum
1366 2698 1432 2727 per

169 2704 206 2726 ιο
230 2706 345 2737 pateat
368 2702 406 2733 iu
432 2708 560 2740 ceteris
584 2714 754 2753 exemplis
778 2717 897 2749 eadem
926 2723 1028 2755 ratio.

1075 2770 1149 2808 H2

1197 2848 1219 2861 K
