1702 2982
1302 19 1329 40 A

1338 150 1348 167 τ
1360 171 1362 177 x

527 153 824 226 Damam.-
854 179 1046 228 Devotio
1075 188 1077 192 ’
1335 219 1337 221 -
1391 192 1478 235 155

112 289 236 336 possit
255 288 361 338 fieri,
391 297 435 327 un
463 291 666 343 patefacta
696 301 731 333 et
765 292 912 333 detecta
943 303 1151 361 mutentur),
1183 305 1222 336 et
1243 299 1298 337 ita
1321 303 1474 350 passim.

112 351 152 392 2)
166 351 408 386 translate
428 350 580 398 saepius
602 364 664 419 ap.
684 340 859 389 nostium
885 352 1044 404 ejusque
1067 359 1246 406 aequales
1271 372 1389 409 quam
1413 374 1478 411 ap.

114 405 274 454 priores,
295 407 452 447 Livium
463 409 496 445 si
511 421 595 454 exon
627 423 693 456 nas,
718 411 821 448 Hist.
837 419 870 459 1,
886 419 930 452 81
957 415 1064 451 modo
1090 421 1337 454 constantiam
1362 422 1477 456 simu-

113 465 210 511 lares
230 466 338 503 modo
350 466 560 514 formidine
584 409 726 519 32¹²&ss
757 471 858 508 Dial.
873 477 920 511 25
945 482 1150 521 supersunt
1175 477 1309 525 aliqua
1335 483 1477 526 episto-
1531 492 1533 498 ’

111 523 160 559 lis
193 536 316 567 eorum
344 520 513 577 inserta,
549 540 602 566 eae
635 529 773 577 quibus
805 538 934 574 mutua
967 535 1186 582 malignitas
1221 536 1406 585 detegitur
1438 545 1477 576 et

109 588 245 630 postea
266 585 384 620 solum
414 588 515 622 inter
546 588 630 624 hos-
640 588 815 625 arbitror
846 594 1005 627 Brutum
1029 612 1078 619 —-
1101 595 1318 640 simpliciter
1349 604 1384 632 et
1413 600 1476 634 in-

105 652 228 688 genue
253 643 440 698 judicium
474 647 592 682 animi
623 650 683 684 sui
724 649 924 693 deteoeisse.
974 650 1031 687 Cs.
1058 650 1255 696 Liv.10‚4
1298 654 1476 703 detegant

107 694 363 750 nequidquam
404 704 581 741 conditas
615 707 801 747 insidias‚·
850 698 989 754 22,43
1015 710 1160 746 detecta
1194 711 1334 759 fraus
1377 720 1475 759 23,5

107 761 222 796 aua-it
246 774 369 797 verum
392 774 547 799 suarum
567 768 698 814 suique
718 775 964 817 contemptum
985 771 1119 807 consul
1136 773 1246 808 nimis
1268 771 1473 822 detegendo
1514 794 1517 796 ¹
1540 785 1542 788 ’

108 818 254 855 cladem
278 816 550 870 nudandoque.
1446 843 1448 845 ’

201 879 458 917 DETERERE
483 885 664 921 translate
697 884 798 923 Hist.
813 889 848 932 2,
864 886 912 928 76
937 889 972 923 si
996 888 1090 936 quid
1114 874 1299 925 armdori's'
1290 902 1341 926 ac
1360 890 1475 938 fero—

106 935 191 978 ciae
215 938 323 974 miles
346 939 491 985 habuit,
524 945 676 990 popinis
701 951 736 979 et
761 945 1090 982 comissationibus
1114 955 1150 983 et
1173 950 1362 998 ptinclpzs
1385 964 1475 987 11111-

106 997 248 1032 tatione
273 996 465 1034 deteritur.
514 1002 569 1036 Ita
594 1002 790 1048 Horatius,
817 1004 917 1040 Plin.
941 1003 1031 1050 ma‘j.
1023 1031 1046 1050 .,
1074 1005 1206 1043 Silius.

198 1056 502 1094 DETRACTOR
535 1071 596 1128 ap.
630 1063 756 1098 solum
783 1063 962 1099 Tacitum
992 1064 1231 1110 Ann.11,11
1265 1054 1474 1117 haudqua-

105 1125 223 1161 quam
247 1117 309 1150 sui
334 1116 525 1152 detractor
558 1119 586 1155 i.
612 1132 647 1156 e.
674 1120 915 1158 detrectator.
963 1123 1013 1160 V.
1039 1125 1183 1171 Rupert
1211 1125 1259 1160 ad
1284 1127 1324 1164 h.
1350 1129 1377 1162 1.

200 1175 424 1210 DEURERE
455 1176 560 1213 Ann.
575 1175 610 1223 4,
625 1176 676 1217 64
705 1181 833 1216 deusto
866 1189 994 1217 monte
1028 1184 1169 1230 Coelio;
1210 1184 1244 1228 6,
1260 1182 1307 1223 45
1339 1186 1472 1229 deusta

99 1239 214 1278 parte
240 1235 349 1269 Circi.
398 1236 456 1270 Ita
480 1235 603 1273 tribus
624 1237 702 1274 fere
724 1239 821 1276 locis
843 1240 991 1286 Livius,
1019 1241 1185 1290 singulis
1208 1244 1312 1281 Caes.
1304 1271 1325 1289 .,
1354 1245 1471 1291 Curt„

103 1290 185 1328 alii.
235 1290 291 1328 cf.
319 1292 473 1338 deuti,
501 1296 609 1344 quod
634 1303 690 1333 est
714 1295 1026 1346 οῖπαξλεγόμενον,
1053 1302 1149 1348 Nep.
1175 1303 1287 1339 Eum.
1305 1310 1362 1342 11.
1480 1298 1482 1301 ’

196 1351 489 1389 DEVELLERE
534 1354 561 1390 i.
587 1368 627 1403 q.
663 1355 849 1393 divellere
889 1358 995 1395 Ann.
1009 1357 1106 1403 3,14
1141 1359 1284 1409 effigies
1324 1365 1473 1399 Pisonis

90 1402 306 1445 ‘traxerant
346 1412 389 1447 in
435 1415 638 1450 Gemonias
679 1428 726 1450 ac
760 1416 1019 1464 devellebant,
1064 1419 1108 1453 ni
1135 1431 1246 1462 Jussu
1278 1424 1469 1471 principis

100 1473 292 1516 protectae
322 1473 578 1521 repositaeque
606 1472 755 1521 forent.
804 1477 960 1512 Plautus
992 1470 1029 1513 et
1060 1477 1211 1514 Plinius
1244 1480 1368 1528 major
1399 1494 1471 1530 pro

102 1529 255 1563 evellere
279 1537 477 1576 usurpant.

195 1583 500 1625 DEVORTIUM
522 1590 655 1638 Agric.
673 1597 719 1634 19
746 1592 917 1630 devortia
941 1596 1118 1631 itinerum
1152 1602 1187 1632 et
1213 1597 1472 1648 longinquitas

101 1648 310 1697 regionum.
359 1649 416 1682 Ita
455 1648 589 1696 Lipsio
634 1647 789 1687 auctore
831 1665 901 1700 pro
944 1654 1082 1690 divor-,t
1139 1656 1173 1690 J.
1207 1657 1399 1695 Beckeius
1433 1666 1480 1711 etx

100 1705 304 1741 wale-hius
330 1716 419 1740 cum
444 1707 530 1744 aliis
555 1710 699 1758 legunt.
746 1713 796 1748 V.
822 1712 941 1747 Drak.
976 1712 1022 1747 ad
1055 1713 1144 1749 Liv.
1162 1720 1194 1758 1,
1210 1720 1305 1759 51,8
1340 1712 1486 1761 „sem--⁸

99 1764 169 1812 per
194 1764 383 1800 devertere
407 1765 616 1811 dicendum
642 1775 710 1814 est,
736 1769 770 1807 si
795 1777 902 1808 notat
927 1771 1028 1807 avia
1047 1772 1242 1809 ordinaria
1269 1774 1466 1813 deflectere

98 1825 165 1860 vel
191 1823 407 1870 hospitium
432 1825 605 1863 subire.“
900 1850 914 1867 n

193 1885 423 1924 DEVOTIO
447 1885 556 1921 Ann.
571 1891 606 1930 2,
622 1889 669 1929 69
703 1891 885 1925 carmina
916 1897 951 1925 et
984 1889 1200 1927 devotiones
1231 1902 1311 1927 non
1345 1900 1403 1930 est
1428 1891 1471 1931 ἓν

100 1940 165 1987 διοῖ
190 1941 292 1979 δυοῖν
316 1941 450 1990 figura,
487 1950 531 1979 ut
564 1946 741 1994 quidam«
760 1947 1069 1996 interpretantur,
1106 1962 1198 1988 nam
1231 1952 1402 1988 carmina
1427 1954 1471 1990 in

97 2001 325 2038 universum
356 2014 439 2037 rem
463 2002 649 2050 indicant,
677 1999 902 2044 devotiones
927 2008 975 2043 ad
1001 2007 1128 2055 ipsam
1158 2009 1292 2046 mortis
1326 2010 1471 2059 impre—

97 2060 288 2109 cationem
313 2060 516 2108 pertinent.
567 2064 624 2101 Cf.
649 2065 756 2101 Anu.
770 2070 805 2109 2,
821 2071 867 2104 28
894 2074 937 2102 ut
973 2067 1148 2114 infernas
1180 2068 1343 2105 umbras
1359 2113 1361 2115 Ι
1378 2084 1472 2107 car-

97 2119 264 2155 minibus
295 2122 439 2156 eliceret
448 2134 462 2162 ,-
494 2121 605 2170 Virg.
632 2125 898 2168 Ec1.8,69.70
934 2128 1120 2163 Carmina
1152 2128 1215 2163 vel
1249 2130 1347 2164 coelo
1378 2144 1472 2178 pos-

96 2189 185 2213 sum
229 2178 417 2215 deducere
457 2184 632 2218 Lunam.-
687 2184 932 2220 Carminibus
980 2188 1040 2225 Cir
1042 2198 1084 2222 ce
1131 2189 1254 2223 socios
1306 2193 1471 2234 mutcwit

102 2238 176 2285 Uly
174 2239 233 2275 oez‘.
257 2258 306 2266 —-
340 2239 447 2275 Ann.
461 2244 496 2284 3,
512 2246 556 2278 13
581 2243 707 2288 ipsum
734 2243 996 2280 devotionibus
1021 2253 1056 2282 et
1079 2258 1222 2282 veneno
1246 2250 1470 2295 peremisse,-

54 2333 67 2339 ,
96 2292 141 2342 4,
148 2301 194 2333 52
219 2295 406 2340 veneficia
440 2300 480 2334 in
514 2302 727 2349 principem
760 2310 795 2339 et
829 2304 1043 2340 devotiones
1076 2305 1311 2348 oblectabam
1347 2313 1403 2351 12,
1420 2309 1467 2346 65

98 2348 201 2401 quod
226 2357 442 2404 conjugium
470 2358 708 2422 (conjugem)
741 2365 930 2412 principis
964 2363 1224 2400 devotionibus
1255 2368 1470 2419 petiiis5set

101 2413 157 2457 16,
172 2419 217 2451 31
244 2416 382 2460 nullos,
409 2418 543 2464 inquit,
569 2418 704 2466 impios
726 2420 828 2468 deos,
854 2423 985 2458 nullas
1007 2422 1236 2469 devotiones,
1263 2437 1334 2460 nec
1357 2426 1469 2461 aliud

98 2471 311 2517 infelicibus
333 2475 509 2521 precibus
533 2479 724 2516 invocavi.
773 2482 824 2518 V.
848 2481 896 2517 de
919 2494 961 2518 re
985 2484 1092 2519 Ann.
1107 2489 1142 2528 2,
1157 2490 1204 2522 30
1229 2482 1365 2532 ibique
1388 2488 1467 2519 Ru-

101 2535 198 2575 pert.
245 2532 388 2568 Eadem
413 2534 512 2583 sign.
546 2544 735 2585 usurpant
759 2539 865 2576 Suet.
892 2548 930 2576 et
952 2541 1112 2590 Apulei.
1162 2545 1262 2578 Nam
1296 2543 1374 2578 alia
1405 2555 1466 2579 res
1494 2549 1502 2555 ‘

99 2594 156 2623 est
186 2590 394 2628 Deciorum
434 2593 591 2631 devotio
630 2603 669 2632 et
706 2609 806 2647 quae
836 2599 983 2635 similia
1014 2600 1162 2637 habent
1199 2601 1358 2648 priores.
1410 2601 1466 2638 Cf.

98 2653 227 2683 tamen
266 2650 362 2696 Nep.
402 2650 533 2687 Alcib.
547 2654 619 2698 6,5
658 2659 848 2693 Restituta
887 2659 979 2695 huio
1018 2667 1107 2696 sunt
1146 2659 1301 2707 publice
1345 2659 1469 2702 bona,·
1509 2700 1511 2707 ,

98 2706 286 2756 iidemque
317 2709 375 2745 illi
413 2713 666 2760 Eumolpidae
704 2717 923 2755 sacerdotes
964 2731 1098 2755 rursus
1138 2727 1337 2755 resacrare
1377 2726 1466 2756 sunt
