1702 2982
245 187 277 222 x
725 176 1118 239 Prolegomena

242 295 364 339 citus
386 295 594 354 appellat
612 294 794 355 scrapta
813 296 1102 340 Maecenatis
1125 296 1463 353 calamistms‚“
1485 313 1596 360 quae
1616 341 1619 347 ,

245 366 415 417 verba
402 383 446 410 m
476 365 572 431 ipso
604 365 773 426 dialogo
805 383 870 428 cp.
892 369 948 410 26
979 359 1194 427 leguntur.

361 436 551 493 Tacitus,
583 454 666 498 quo
697 448 886 499 tempore
919 436 1112 498 dialogus
1144 436 1311 482 habitus
1341 453 1437 483 esse
1458 405 1603 489 tradi-,

241 517 322 563 tur,
353 524 509 552 annum
539 506 721 552 fortasse
745 507 910 568 agebat
919 517 1112 568 quartum
1133 518 1174 552 et
1195 507 1452 566 vicesimum,
1483 525 1591 571 quae

242 576 370 623 aetas'
401 578 557 640 optime
598 577 795 624 convenit
834 577 917 622 illis
959 578 1192 622 rationibus
1208 582 1267 635 1).
1325 579 1592 642 Atquegcum

240 649 350 694 inter
387 649 450 694 sui
489 649 584 694 aevi
626 659 815 694 oratores
859 647 1010 693 eximia
1050 647 1176 693 laude
1219 648 1357 694 clarus
1388 650 1592 708 exstiterit

241 725 302 776 (v.
334 735 462 782 supra
493 730 535 764 et
564 719 617 766 cf.
649 719 764 764 Plin.
792 719 880 781 Ep.
907 730 944 774 1,
976 726 1074 774 20),
1104 735 1192 764 non
1223 729 1288 764 est
1320 721 1432 781 quod
1463 721 1614 767 mire-'

240 807 347 847 mur,
378 790 624 852 priusquam
654 790 710 835 ad
738 788 959 834 historiam
990 789 1256 836 scribendam
1265 791 1516 872 accederet,
1535 793 1589 855 de

239 877 340 906 suae
371 861 605 923 priorisque
637 861 787 907 aetatis
819 859 1056 904 oratoribus
1079 877 1174 905 eum
1196 861 1430 924 scripsisse,
1462 878 1588 925 prae-

241 931 386 977 sertim
431 949 523 976 cum
574 931 620 976 in
655 931 851 976 omnibus
889 931 1014 975 rebus
1046 931 1262 993 utriusque
1293 933 1494 1000 temporis
1522 933 1588 979 in-

1642 653 1662 669 Q

239 1003 383 1047 stituta
403 1019 626 1063 moresque
647 1003 692 1047 in
714 1001 1073 1063 comparationem
1103 1019 1200 1047 eum
1241 1015 1394 1049 vocare
1431 1021 1482 1050 ex
1520 1003 1586 1050 hi·
1646 1064 1653 1067 ἡ

239 1073 405 1118 storicis
436 1073 528 1133 ejus
550 1073 669 1118 libris
695 1083 850 1136 pateat.
909 1073 1010 1129 „At
1037 1073 1182 1129 sti,lus
1214 1087 1305 1119 non
1318 1075 1501 1136 fallax
1539 1077 1587 1123 in

235 1143 322 1189 hoc
349 1159 516 1203 genere
546 1151 877 1204 argumentum,
908 1145 955 1188 in
985 1150 1143 1188 nostro
1181 1145 1457 1190 constrictus
1478 1144 1585 1190 ubi-

234 1231 333 1275 que,
367 1221 504 1271 teres,
536 1221 716 1269 αειιίιιε,
749 1220 795 1258 et
825 1230 1010 1259 severus
1042 1214 1188 1274 magis
1219 1230 1356 1276 quam
1388 1216 1587 1281 lepidus.-

235 1284 308 1328 ln'c
348 1284 502 1328 omnia
542 1292 714 1330 contra.
724 1289 751 1310 ‘⁶
818 1284 883 1330 Ita
920 1301 1017 1329 vere
1055 1285 1230 1346 quidem
1261 1285 1306 1330 in
1345 1287 1585 1333 universum

233 1354 428 1416 Lipsius;
458 1371 583 1400 nemo
614 1355 843 1415 negaverit.
904 1355 992 1401 Sed
1022 1355 1138 1399 nullo
1169 1371 1344 1417 prorsus
1366 1358 1530 1403 modo
1515 1376 1581 1405 ln-

236 1426 288 1470 de
319 1425 502 1488 probari·
522 1436 676 1488 potest,
707 1443 732 1470 a
764 1425 940 1470 diversis
971 1425 1449 1487 auctoribusprofectos
1482 1445 1578 1476 esse
1635 1443 1641 1449 ¹·

233 1497 448 1558 dialogum
478 1507 518 1542 et
547 1496 679 1541 libros
712 1495 855 1542 Taciti
891 1495 1128 1541 historicos.
1190 1496 1411 1556 Quantum
1449 1498 1578 1544 inter-

220 1566 290 1612 'sit
327 1568 436 1613 inter
465 1567 695 1612 oratorium
726 1567 891 1612 dicendi
921 1583 1052 1628 genus
1081 1578 1123 1611 et
1150 1565 1394 1612 historicum
1424 1568 1605 1627 stilum,-

231 1639 342 1684 inter
384 1639 648 1700 dialogorum
689 1637 926 1683 libertatem
968 1647 1009 1681 et
1049 1637 1262 1682 annalium
1305 1639 1580 1689 constrictam

229 1709 478 1755 brevitatem
505 1727 554 1754 ex
582 1709 678 1771 ipsa
707 1725 752 1753 re
778 1708 1093 1769 intelligitur2).
1157 1707 1273 1753 Tum
1298 1708 1392 1770 ipse
1420 1709 1579 1772 dialogi

232 1792 379 1826 auctor
421 1780 480 1825 ait
510 1797 561 1825 ,se
601 1796 775 1842 operam
807 1779 992 1835 dedisse,
1032 1789 1078 1824 ut
1109 1794 1212 1840 quae
1231 1780 1452 1842 acceperit
1481 1798 1605 1853 ser-⁸

306 1935 340 1978 ¹)
365 1936 451 1969 Non
469 1933 591 1981 premi
611 1932 748 1980 debere
771 1931 888 1968 verba
910 1930 1102 1977 juvenis
1125 1930 1371 1967 admodum
1390 1933 1576 1984 ’1οοίςυί-

370 1992 458 2027 dam
496 1991 688 2028 Ciceronis
722 1990 962 2037 aliorumque
987 1988 1139 2025 docent.
1188 1989 1243 2025 Cf.
1282 1990 1359 2027 Cic.
1393 1993 1499 2028 Brut.
1526 1999 1571 2033 88

372 2050 583 2086 admodum
616 2049 836 2084 adolescens
867 2049 1091 2087 Hortensius¹
1121 2059 1226 2082 orsus
1252 2056 1306 2084 est
1335 2050 1483 2096 infore
1509 2053 1572 2088 di..

372 2121 453 2145 cere
460 2124 472 2152 ;
496 2108 593 2143 Plin.
615 2113 649 2151 5,
679 2111 722 2147 17
748 2109 917 2154 superior
939 2105 1163 2153 AfricanuS,
1194 2110 1237 2142 T.
1254 2109 1484 2146 Flamininus
1499 2114 1572 2148 ad-

372 2167 529 2203 modum
546 2166 800 2201 adolescentes
826 2166 996 2201 consules
1010 2158 1132 2211 sacti,·
1157 2167 1229 2213 leg.
1257 2167 1381 2203 Manil.
1397 2174 1439 2207 21
1457 2172 1570 2207 Pom-

376 2225 506 2274 peium
541 2225 787 2260 hominem
819 2224 911 2259 dicit
943 2224 1436 2272 praeadolesctntem,
1478 2240 1570 2267 cum

373 2284 528 2320 tertium
582 2283 616 2319 is
661 2290 699 2319 et
735 2282 963 2319 vicesimum
1000 2295 1147 2318 annum
1183 2295 1319 2332 ageret,
1369 2293 1483 2336 atque
1519 2289 1568 2326 d'e

372 2343 507 2394 eodem
539 2353 622 2389 cap.
647 2348 692 2380 10
725 2342 817 2378 dicit
849 2342 1413 2382 ineunteadolescentia
1435 2346 1567 2386 fuisse.
1614 2370 1620 2383 .

372 2403 422 2437 V.
451 2401 715 2436 admodum.

305 2460 345 2507 ²)
370 2459 429 2495 Cf.
451 2459 550 2495 nial.
565 2464 610 2496 22
635 2460 781 2495 nullum
806 2460 854 2494 sit
879 2459 1011 2507 (apud
1038 2461 1249 2504 oratorem)
1283 2462 1430 2500 ‘mrbum
1464 2466 1567 2502 velut

372 2518 753 2566 rubigineiry‘ectum‚
778 2519 876 2554 nulli
899 2531 1031 2554 sensus
1054 2519 1170 2556 tarda
1195 2526 1228 2555 et
1252 2522 1350 2558 inem·
1373 2530 1566 2561 structura

372 2578 414 2611 ἰη
445 2590 585 2612 movem
620 2579 821 2613 annalium
854 2586 1149 2624 componantum
1180 2576 1339 2624 Quintil.
1358 2586 1421 2628 10,
1447 2587 1490 2626 5,
1519 2588 1567 2622 15

376 2635 612 2682 dialogorum
646 2636 737 2671 lzbet
731 2643 814 2671 tate
834 2639 981 2684 gestire.
1028 2639 1077 2675 V.
1102 2636 1218 2674 etiam
1244 2637 1427 2688 P1in.Ep.
1452 2646 1495 2688 5,
1521 2647 1567 2687 8,-

381 2693 439 2738 16,
467 2695 523 2733 16.
550 2701 589 2731 et
613 2695 775 2743 Quintil.
802 2701 859 2741 10,
886 2702 919 2734 1.
945 2701 1004 2736 31.
1448 2720 1465 2725 —

1373 2779 1473 2812 ,ΙΙ
