1702 2982
523 199 724 249 Informis
755 226 813 243 -.-
841 186 1080 262 Ingenium*
1392 204 1484 249 269⁴

111 331 254 356 sumere
275 318 480 366 libertatem
503 316 659 356 occultis
676 314 1001 371 conjurationibus
1015 315 1252 375 pepigerant,
1275 316 1339 361 (cf.
1353 328 1416 371 cp.
1425 315 1474 356 42

109 381 265 426 pregium
282 368 390 427 pepi„
374 383 499 419 ,νη-αὶ,-
525 382 582 420 13,
601 374 646 414 14
669 377 865 423 pepigerat
897 374 1044 420 Pallae,
1075 387 1122 410 ne
1144 394 1194 401 -
1213 372 1478 425 interrogare-

109 438 211 483 tur),·
234 443 270 482 2,
285 441 330 478 37
354 447 469 484 nepos
495 441 576 470 erat
602 436 760 481 oratoris
782 435 983 477 Hortensii,
1017 433 1236 470 inlectus
1260 447 1285 469 a
1309 439 1359 476 D
1383 440 1472 472 Aa..

109 503 222 543 gusto
245 507 299 523 -1-'
323 495 459 531 ducere
490 506 646 530 uxorem
655 508 668 537 ;
699 478 735 540 lt,
751 498 796 531 12
832 492 1100 529 inliciebantur
1123 512 1172 519 -
1195 496 1473 540 perstimulare,·

111 555 236 590 Germ.
249 552 297 592 34
322 552 521 595 obstitit
548 555 721 588 Oceanus
756 548 842 597 (τᾶ)
874 554 915 587 in
943 564 983 587 se
1005 553 1125 587 -simul
1156 559 1268 600 atque
1298 554 1340 588 in
1370 557 1473 588 Her-

110 614 227 649 culam
264 614 424 658 inquiri,·
461 614 671 658 Ann.2,71
711 609 1103 655 inlacrimabunt
1140 608 1241 658 (τῷ)
1283 612 1472 659 quondam

97 671 182 717 flor
183 679 299 708 entem
329 671 519 708 cecidisse.
1063 703 1067 714 ‹

203 730 342 768 Verbis
364 730 558 766 deferre
582 735 620 766 et
643 728 867 764 incusare
891 728 960 765 inf.
985 727 1170 777 jungitur,
1193 731 1281 765 loco
1308 729 1471 778 genitivi

109 796 176 827 aut
208 790 311 838 quod
343 788 571 838 particulae·
608 788 710 824 Ann.
723 791 757 829 2,
771 790 817 828 27
854 787 950 830 Libo
980 807 1028 814 —
1043 788 1227 834 deffertur
1258 790 1379 824 moliri
1411 801 1471 823 res

108 860 248 893 novas,·
274 854 309 893 3,
323 854 370 886 22
397 847 564 894 defertur
586 848 819 883 simulavisse
836 854 1011 894 partum‚·
1047 858 1109 895 cp.
1124 852 1170 885 38
1200 845 1469 883 Ttebellienum

109 904 294 943 incusans
315 909 490 955 popular
479 920 552 942 zum
575 906 738 950 injurias
761 907 904 941 inultas
928 907 1059 941 siner-,e
1109 906 1249 943 Contra
1285 918 1354 953 pro
1388 917 1467 942 acc.
1475 910 1476 914 ’

109 975 142 1001 c
172 964 241 1000 inf.
275 965 379 1013 quod
410 966 639 1002 insolentius
671 971 876 1012 usurpatur
907 963 1006 999 Hist.
1021 968 1056 1009 2,
1071 964 1117 1001 60
1150 964 1331 1000 creditum
1352 964 1471 1011 famei

109 1022 358 1071 objectumque
380 1037 470 1060 mox
495 1026 536 1060 in
561 1031 694 1059 senatu
722 1025 880 1075 Caecilio
911 1024 1086 1069 Simplici,
1123 1023 1224 1070 quod
1248 1036 1326 1058 enm
1350 1025 1474 1059 hono-

107 1094 181 1117 rem
203 1084 368 1131 pecunia
391 1079 548 1118 mercari
571 1105 620 1113 --
643 1073 841 1126 voluisset,·
873 1081 964 1121 itm
997 1088 1038 1116 ut
1062 1082 1165 1123 Ann,
1181 1087 1237 1125 13,
1251 1079 1298 1119 40
1337 1082 1472 1130 quibus

103 1141 272 1186 jusserat
295 1149 336 1178 ut
359 1142 588 1178 instantibus
613 1143 776 1177 cominus
801 1143 1003 1176 resiterent.

202 1191 433 1236 INFORMIS
458 1199 629 1248 proprie,
667 1206 710 1235 ut
735 1212 796 1248 ap.
824 1199 909 1236 Liv.
945 1199 1043 1235 Hist.
1060 1196 1094 1243 li,
1110 1204 1155 1236 23
1188 1198 1345 1245 infin-me
1377 1212 1471 1246 opus

108 1248 428 1306 (machinarumfi
458 1260 660 1302 translate,
693 1270 801 1294 more
828 1264 953 1306 poet.‚
986 1258 1094 1296 Ann.
1109 1258 1143 1303 6,
1160 1255 1208 1299 49
1243 1261 1472 1305 repentinum

108 1323 143 1352 et
165 1318 356 1365 informem
383 1319 525 1354 exitum
550 1316 697 1365 delegit.
774 1356 776 1359 ,

203 1378 350 1412 INFRA
377 1375 530 1427 proprie
552 1377 608 1410 Au
589 1376 680 1423 grie.
695 1381 739 1413 12
773 1374 880 1420 insi-a
906 1375 1046 1411 coelum
1071 1382 1105 1410 et
1128 1374 1254 1410 sidera
1285 1387 1368 1411 ηοω
1404 1388 1473 1411 ca·-

110 1433 176 1479 dit,
202 1434 272 1470 ubi
295 1435 375 1471 vid.
395 1435 548 1470 Pichen.
575 1442 613 1470 et
632 1435 805 1479 Walchq
829 1435 1016 1478 translate
1032 1434 1158 1468 Germ.
1173 1439 1216 1473 37
1243 1433 1352 1479 insi-a
1369 1438 1473 1470 Ven-

54 1505 56 1510 '
108 1493 239 1530 tidium
264 1493 429 1538 deJectus
458 1496 612 1537 Oriens5
641 1495 741 1528 Ann.
754 1491 869 1537 14,54
893 1492 1042 1528 invidia
1065 1491 1174 1537 infra
1197 1499 1299 1526 tuam
1322 1496 1464 1540 magni-
1450 1514 1475 1521 --

108 1553 271 1588 tudinem
290 1560 414 1598 Jacet,·
441 1558 498 1596 13,
514 1557 535 1589 2
564 1565 681 1600 neque
706 1555 846 1588 Neroni
867 1551 980 1597 infra
1004 1563 1130 1586 servos
1154 1553 1341 1598 ingenium
1366 1551 1412 1597 (i.
1435 1564 1470 1588 e.

105 1623 186 1647 non
212 1611 425 1647 obnoxium
450 1610 603 1656 servis)3
645 1609 740 1655 2,l13
770 1613 855 1646 Piso
882 1612 956 1646 vioe
991 1609 1136 1645 Tiberio
1170 1611 1402 1655 concedere;'
1422 1613 1472 1646 Ii·-

107 1669 216 1706 beros
242 1671 321 1715 ejus
352 1677 395 1704 ut
426 1671 576 1704 multum
608 1669 716 1713 infra
750 1670 807 1713 (se
841 1669 1005 1716 positos)
1041 1669 1269 1714 despectare.
1318 1668 1468 1705 Similia

105 1727 250 1764 habent
275 1728 356 1772 alii,
382 1734 426 1762 ut
452 1728 528 1764 Cic.
557 1727 623 1764 fin.
638 1734 710 1772 3,'8
737 1728 843 1774 insi-a
877 1740 916 1762 se
948 1728 1074 1762 omnid
1105 1728 1271 1763 humana
1308 1727 1479 1772 ducensf

105 1789 209 1824 Vell.
222 1792 256 1832 2,
267 1793 310 1825 83
336 1788 557 1822 humillimus
583 1794 797 1822 assentator
822 1788 975 1834 reginae
1000 1793 1035 1821 et
1059 1786 1165 1832 infra
1190 1798 1316 1822 servos
1342 1789 1470 1823 cliens.

201 1848 453 1881 INGEMERE
492 1846 721 1882 insolentius
753 1845 872 1892 junct.
915 1847 1041 1880 Germ.
1057 1843 1105 1882 46
1136 1848 1317 1893 ingemere
1350 1849 1467 1894 agris,

105 1904 326 1940 inlaborare
351 1905 540 1950 domibus,·
573 1905 751 1941 similiter
775 1906 906 1941 Horat.
932 1906 1112 1952 ingemere
1146 1904 1359 1951 laboribus,
1399 1906 1468 1942 sed

104 1962 264 2011 propius
288 1963 363 1998 hoc
390 1964 536 2000 accedit
560 1964 606 1999 ad
633 1966 740 2012 vulg.
774 1975 1010 2017 sermonem,
1044 1975 1121 2012 quo
1154 1965 1233 2011 ing.
1267 1964 1382 1999 alicui
1415 1966 1470 1999 rei

104 2028 161 2057 est
183 2030 335 2070 propter
359 2023 448 2070 aliq.
474 2035 546 2058 rem
569 2024 741 2070 gemitum
767 2023 874 2057 edere
883 2036 897 2063 ;
931 2023 1100 2068 Tacitus,
1137 2028 1181 2058 ut
1215 2024 1322 2067 solet,
1357 2035 1468 2070 prae-

104 2086 243 2127 gnante
267 2087 456 2117 structura
481 2093 585 2125 usus,
613 2087 649 2118 et
673 2083 803 2117 locum
828 2087 865 2117 et
888 2094 969 2118 rem
994 2082 1188 2130 exprimit,
1218 2088 1263 2117 ut
1287 2083 1469 2130 ingemere

83 2141 210 2187 ’agris
233 2138 284 2175 sit
307 2134 487 2187 ingemere
511 2142 551 2175 in
576 2142 682 2196 agris
710 2140 916 2177 laboribus.

199 2199 443 2234 INGENIUM
467 2211 547 2235 vox
573 2197 690 2246 digna
714 2212 812 2248 quae
837 2199 1023 2235 hocloco
1048 2201 1263 2237 accuratius
1289 2201 1466 2248 explice-

102 2262 175 2301 tur,
202 2268 291 2292 cum
316 2257 363 2293 iis
386 2258 436 2294 sit
459 2258 755 2315 adnumeranda,
790 2258 833 2293 in
858 2257 1000 2306 quibus
1025 2258 1193 2294 maxime
1223 2259 1466 2308 singulorum

102 2327 195 2351 usus
220 2315 448 2362 scriptorum
471 2316 605 2360 variat,
633 2323 670 2352 et
695 2317 798 2351 unde
824 2317 968 2364 optime
994 2316 1159 2364 perspici
1185 2306 1321 2364 potest,
1347 2319 1464 2354 latius

102 2377 224 2411 multo
261 2381 458 2422 argenteae
494 2387 611 2423 quam
647 2387 781 2410 aureae
817 2375 948 2411 aetatis
985 2375 1153 2422 patuisse
1188 2375 1383 2412 licentiam
1421 2377 1465 2412 in

105 2433 380 2469 constituendis
417 2432 698 2469 vocabulorum
727 2432 1098 2481 significationibus,
1144 2434 1198 2469 ita
1233 2441 1380 2480 tamen,
1421 2442 1465 2471 ut

103 2490 205 2537 apud
230 2490 378 2537 prioresv
396 2490 485 2537 jam,
511 2492 671 2541 singulis
696 2504 976 2541 nonnunquam
999 2493 1106 2535 locis,
1134 2505 1263 2528 earum
1288 2494 1464 2529 omnium

106 2547 216 2596 quasi
240 2547 349 2584 initia
373 2548 559 2586 invenias.
606 2550 724 2599 Igitur
747 2553 933 2599 ingenium
958 2562 1047 2586 cum
1081 2551 1131 2587 sit
1159 2552 1201 2587 id
1226 2553 1327 2600 quod
1353 2555 1462 2599 inge-

103 2608 220 2642 nilum
252 2613 325 2652 est,
356 2607 532 2642 maxime
563 2609 766 2655 respondet
796 2609 837 2644 in
870 2608 1094 2645 universum
1124 2617 1276 2646 nostrae
1307 2611 1463 2656 linguae

106 2662 411 2710 &Cistssffssvfb
437 2667 663 2714 plerumque
688 2679 779 2715 opp.
805 2669 927 2706 animo
954 2669 1094 2715 (spera
1120 2675 1162 2704 ut
1187 2681 1248 2714 ap.
1275 2667 1364 2710 Cic„
1391 2678 1463 2702 cu·-

103 2721 165 2770 jus
190 2733 303 2759 usum
327 2721 493 2769 primum
517 2724 778 2772 respiciemus,
812 2725 910 2760 Phil.
928 2731 984 2771 11,
1001 2731 1045 2764 13
1070 2723 1209 2761 summa
1233 2727 1374 2772 ingenii
1397 2727 1461 2761 in-
