1702 2982
189 171 241 217 de
263 171 410 218 ceteris
434 171 577 218 Taciti
598 171 642 218 in
663 173 956 234 componenda
978 171 1075 218 hist.
1100 173 1332 220 virtutibus.
1364 183 1478 220 XXX1

112 290 299 347 ciente&
333 291 402 337 uhi
432 289 657 347 fortunam,
687 289 844 347 fatum,
883 291 986 336 deos
1027 291 1145 353 ipsos
1162 299 1200 356 ξ)
1241 297 1348 338 miro
1396 311 1476 339 nec

127 352 314 425 uniluam
361 362 464 414 satis
504 363 674 423 cognito
707 362 959 407 ‘mortalibus
999 364 1127 407 modo
1163 382 1310 425 regere
1347 366 1479 410 cerni-

126 451 219 486 mus
250 434 390 478 varios
421 451 560 479 rerum
589 416 864 478 humanarum
907 449 1054 497 casus,
1094 434 1139 479 in
1178 435 1391 480 annalium
1430 436 1478 481 li-

126 504 213 550 bris
244 504 518 567 contemplati
546 504 758 550 funestum
788 505 928 549 Julian
959 506 1097 565 gentis
1130 506 1297 563 exitum,
1329 508 1371 552 in
1393 507 1478 552 his-

128 574 254 633 toriis
278 584 483 621 summam
515 578 637 622 vacui
666 578 754 637 jam
787 575 1075 637 debilitatique
1106 578 1364 657 principatus
1401 580 1480 624 de-

125 662 209 694 nuo
241 636 520 692 confirmandi
541 647 875 692 contentionem:
907 664 1049 692 nonne
1071 649 1273 708 tragicam
1297 649 1482 711 aliquam

127 716 476 780 compositionem
509 717 655 780 quales
689 730 786 764 sunt
816 717 1037 780 Aeschyli,
1070 710 1479 781 Sophociis,l⁴]=1ui-

120 789 255 852 pulis,
288 789 426 851 legere
457 789 582 834 nobis
614 789 826 843 videmur;
858 806 946 835 nou
976 789 1108 835 oculis
1141 792 1298 836 nostris
1332 792 1481 836 obver-

127 858 439 906 saturNiobcs
472 860 718 906 tristissima
744 862 916 927 imago,
955 878 1042 906 non
1078 861 1252 907 horrore
1297 863 1481 924 quodam

124 930 418 994 perfundimur
455 931 570 977 velut
610 932 869 977 Laocoontis
910 933 1114 995 adspectu
1150 934 1265 978 diros
1311 952 1480 996 serpen-

124 1002 227 1048 tium
248 1004 383 1054 nodos
417 1004 679 1065 disrumpere
711 1002 867 1049 frustra
896 1005 1132 1049 tentantis?
1167 1005 1247 1050 Est
1268 1023 1368 1050 vero
1391 1006 1481 1066 dig-

124 1092 224 1131 num
257 1074 426 1131 Tacito,
458 1075 632 1136 dignum
665 1075 793 1120 etiam
823 1075 1016 1120 Romani
1056 1076 1223 1138 imperii
1260 1078 1480 1137 majestate

125 1145 344 1191 consilium
383 1157 524 1192 tantae
563 1146 664 1191 artis
709 1145 848 1191 studio
889 1146 1078 1193 adhibito
1121 1164 1354 1209 exponere,
1398 1155 1481 1210 q'uo

124 1215 227 1272 fato,
249 1218 496 1280 *quibusque
527 1235 668 1262 rerum
699 1218 865 1263 casibus
896 1221 1031 1280 „jam
1064 1219 1248 1278 pridem
1280 1236 1482 1279 praeva—

126 1288 260 1334 lentis
286 1290 455 1348 populi
482 1289 594 1333 vires
625 1289 839 1349 seipsae
871 1290 1213 1350 confecerz‘nt‚“
1257 1291 1404 1352 quibus
1444 1302 1484 1335 et
1512 1319 1516 1326 «

124 1359 276 1405 civium
315 1371 356 1405 et
394 1360 634 1423 principum
669 1361 782 1406 vitiis
820 1360 1123 1406 immortalium
1164 1362 1338 1406 deorum
1379 1378 1481 1424 poe-

124 1442 224 1476 nam
257 1431 590 1493 suppliciumque
633 1433 961 1494 provocantibus
999 1434 1149 1494 ingens
1186 1433 1352 1495 imperii
1390 1449 1482 1477 mo-

125 1501 186 1547 les
218 1501 260 1547 in
291 1510 492 1564 praeceps
522 1520 642 1548 ruere
674 1504 874 1566 coeperit.
946 1504 1020 1549 En
1051 1504 1201 1549 iterum
1237 1504 1482 1566 Scipionem
1527 1535 1528 1538 =

125 1589 212 1617 non
243 1572 354 1618 altae
388 1573 661 1634 Carthaginis
692 1574 779 1619 fato
809 1575 899 1635 jam
928 1575 1093 1620 functae
1114 1576 1259 1631 ruinis,
1294 1575 1368 1620 sed
1389 1574 1480 1620 Ro-

126 1659 221 1689 mae
261 1644 394 1706 ipsius
434 1646 522 1706 jam
559 1646 648 1705 jam
682 1645 934 1692 *collabentis
977 1647 1071 1691 solo
1096 1647 1365 1692 ‘insidentem
1406 1663 1480 1708 pa-

158 1824 192 1869 ¹)
219 1821 423 1859 Ominibus
462 1824 578 1859 etiam
618 1825 882 1875 portentisque
918 1824 1033 1861 fidem
1076 1825 1271 1874 quandam
1307 1823 1484 1862 tribuisse

221 1882 399 1918 Tacitum
429 1890 531 1919 recte
563 1891 694 1929 monet
726 1885 885 1922 Siivern.
915 1885 1125 1932 respiciens
1159 1885 1206 1920 ad
1241 1885 1339 1932 Hist.
1378 1892 1410 1929 1,
1438 1891 1476 1930 33

219 1942 319 1982 nist.
345 1947 380 1986 2,
411 1948 477 1987 503
504 1943 609 1978 Anu.
638 1948 695 1987 12,
722 1942 792 1989 643
818 1945 921 1980 Ann.
940 1950 996 1988 15,
1024 1944 1089 1989 473
1122 1945 1219 1980 Hist.
1242 1950 1276 1988 2,
1303 1943 1346 1994 ἐμ
1374 1946 1479 1986 Anu,

221 2000 255 2046 4,
283 2008 342 2040 58.
391 2002 497 2037 Idem
521 2001 604 2049 jure
629 2004 830 2041 contendit
854 2006 945 2040 tales
970 2006 1088 2047 locos,
1116 2006 1247 2053 quales
1273 2004 1351 2040 sint
1378 2006 1481 2040 Ann.

174 2066 181 2080 ³
222 2066 279 2107 13,
307 2065 365 2102 17.
390 2060 458 2106 413
484 2061 582 2100 Hist.
611 2069 643 2107 1,
672 2064 736 2108 863
772 2064 871 2101 Hist.
900 2062 935 2108 4,
963 2065 1028 2108 263
1064 2064 1166 2098 Anu.
1194 2062 1250 2107 14,
1281 2069 1344 2108 123
1377 2066 1479 2100 Ann.

222 2127 279 2167 15,
306 2120 374 2167 743
399 2122 498 2157 Hist.
527 2128 559 2166 1,
588 2129 645 2167 10,
673 2135 753 2159 non
778 2123 1036 2160 contradicere
1063 2123 1153 2166 illis,
1181 2123 1358 2172 nihilque
1375 2124 1480 2158 aliud

220 2180 380 2228 probare
406 2179 483 2218 nisi
508 2182 687 2218 Tacitum
712 2177 791 2218 non
825 2183 955 2221 omnia
986 2182 1172 2219 divinitus
1204 2182 1318 2218 missa
1354 2184 1481 2219 credi-

219 2240 320 2277 disse
346 2253 443 2290 quae
468 2243 585 2291 vulgo
611 2242 784 2291 prodigia
809 2242 938 2280 habita
963 2242 1119 2280 fuerint.
1167 2241 1265 2277 Hist.
1296 2241 1375 2285 1,st
1402 2242 1482 2277 sor-

220 2306 341 2353 tunae,
373 2300 533 2349 quidem
563 2304 732 2337 multum
766 2301 813 2338 ab
848 2315 893 2338 eo
919 2301 1054 2345 tribui,
1091 2301 1143 2336 ita
1174 2308 1302 2337 tamen
1331 2308 1373 2337 ut
1397 2314 1480 2338 eam

220 2371 300 2396 non
329 2359 403 2396 diis
429 2359 554 2397 fatove
581 2368 765 2409 opponat,
792 2362 858 2399 sed
883 2362 932 2397 ad
958 2362 1059 2409 ipsas
1084 2367 1232 2396 tantum
1257 2372 1384 2395 rerum
1405 2361 1481 2396 hu-

218 2430 418 2454 manarum
442 2420 606 2457 rationes
630 2421 806 2458 fortunae
823 2421 1013 2458 obnoxias
1034 2420 1224 2467 respiciat.
1262 2421 1348 2454 Uno
1364 2419 1480 2453 dum-

218 2484 327 2514 taxat
350 2481 436 2515 loco
462 2480 567 2516 Anu.
597 2481 653 2526 16,
679 2487 725 2519 33
754 2482 942 2529 percitum
968 2493 1059 2528 eum,
1072 2481 1366 2527 perculsumque
1383 2490 1478 2526 qua—

220 2537 254 2574 si
280 2538 686 2576 horrore-Neronianae
701 2540 882 2577 saevitiae
897 2540 944 2576 ab
970 2541 1038 2576 illa
1063 2538 1211 2575 Stoicae
1237 2537 1475 2584 disciplinae,

220 2609 338 2646 quam
361 2598 529 2634 maxime
555 2598 783 2648 sequebatur
808 2600 923 2644 (Hist.
948 2598 990 2637 4,
1016 2605 1058 2646 53
1083 2599 1187 2634 Ann·
1216 2595 1279 2640 14>
1319 2601 1364 2637 59
1398 2608 1476 2631 ¹¹0ss

217 2657 492 2705 refragantibus
517 2657 611 2694 locis
635 2659 742 2694 Anu.
771 2661 827 2703 16,
854 2664 911 2702 32,
936 2658 1035 2694 Hist.
1061 2663 1103 2703 3,
1132 2657 1208 2703 81),
1242 2655 1380 2703 pietate
1413 2667 1475 2690 re-

217 2715 373 2753 cessisse
396 2722 433 2753 et
457 2717 504 2752 ad
530 2717 805 2765 Epicureorum
828 2729 960 2754 casum
983 2716 1176 2765 refugisse.
