1702 2982
771 110 782 127 l

299 205 383 248 126
699 200 972 249 constructio
1001 227 1059 238 -—
1090 199 1325 248 Contactus
1481 260 1491 269 Χ
1537 259 1539 268 2
1627 242 1649 262 χ

1158 278 1165 296 Ι

295 315 429 354 consul·
416 329 463 361 0,
497 325 622 362 manu,
653 326 747 354 voco
776 315 940 363 insignis
971 313 1090 360 hosti,
1122 316 1353 363 conspicuus
1384 316 1488 354 satu
1518 326 1581 364 cp.
1596 320 1645 360 29

293 378 523 424 conspicuus
547 387 660 412 manu
683 386 733 410 ac
753 384 847 410 voce
870 380 990 420 capta
1014 380 1144 410 castra
1168 373 1441 412 conclamaviu
1462 371 1555 417 429
1580 376 1657 433 ip·-

292 445 419 471 sorum
452 436 529 471 tela
561 444 632 482 per
663 430 837 469 tenebras
866 443 992 468 vana:
1031 433 1191 469 Romani
1225 433 1468 479 conspicuam
1498 421 1657 470 barba·
1696 431 1702 435 ⁴

293 506 418 529 rorum
440 495 556 529 aciem
578 510 627 519 —-
651 490 706 528 ad
731 491 844 527 ictum
871 490 1128 535 destinabant,
1164 501 1224 539 cp.
1239 488 1289 530 42
1320 491 1526 527 inlustres
1527 503 1646 538 senes,

294 553 523 598 conspicuae
537 550 724 598 feminae.

388 616 728 658 CONSTRUCTIO
750 618 1042 655 PRAEGNANS
1074 629 1114 656 v.
1140 617 1183 655 in
1204 619 1350 669 Proleg.
1381 617 1430 657 de
1462 583 1648 659 brevitate

289 678 373 727 ‚stili
397 677 557 715 Tacitei.

388 747 669 785 CONSULERE
697 755 788 782 cum
813 745 946 784 dativo
970 745 998 782 i.
1023 755 1064 796 q.
1088 745 1317 794 prospicere,
1343 752 1387 784 ut
1403 746 1528 797 flagae
1552 758 1652 786 con-

290 806 430 850 sulere,
465 804 580 842 latius
611 810 716 851 patet
746 815 809 852 ap.
841 804 1040 850 Tacitum3
1071 816 1153 841 non
1187 804 1312 851 enim,
1342 812 1387 842 ut
1417 808 1561 855 vulgo,
1599 807 1650 842 ad

222 852 230 866 Χ
290 863 537 901 commodum
562 861 730 907 alterius,
762 874 890 911 neque
915 862 1030 898 etiam
1061 861 1183 910 ipsius
1217 863 1286 912 qui
1318 864 1497 912 consulit,
1529 864 1652 913 perti-

291 923 388 967 net,'
402 929 446 958 ut
474 923 579 958 Anu.
592 925 627 968 2,
644 921 693 959 26
723 921 876 968 quando
914 913 1106 957 Ro'manae
1137 923 1269 958 ultioni
1305 924 1512 967 consultum
1543 930 1648 969 esset,

292 982 360 1019 sed
385 980 610 1017 insolentius
635 980 749 1016 etiam
775 981 968 1017 consulere
992 982 1111 1017 alicui
1146 980 1249 1016 idem
1277 987 1333 1018 est
1361 981 1467 1030 quod
1499 981 1651 1019 incom-

291 1039 407 1076 modo
435 1038 516 1086 ejus
542 1038 772 1086 prospicere,
798 1038 911 1087 eique
940 1050 1096 1087 operam
1120 1038 1209 1075 dare
1240 1039 1346 1076 Ann-
1361 1043 1396 1085 3,
1404 1037 1458 1091 ,46
1487 1039 1649 1087 imbelles

290 1097 443 1135 Aeduos
475 1099 631 1133 evincite
664 1103 698 1145 gt
721 1096 965 1145 fugientibus
997 1099 1195 1144 consulite,
1229 1097 1412 1148 Rupertio
1444 1097 1650 1148 interprete

281 1157 425 1205 fugam
460 1166 571 1202 quam
601 1162 747 1202 parant
772 1156 853 1200 jam
883 1161 918 1190 et
949 1157 1274 1203 circumspiciunt,
1306 1155 1488 1200 adjuvate
1517 1169 1648 1205 perse-

290 1214 449 1263 quendo,
483 1213 613 1250 miuus
638 1219 750 1258 recte,
785 1213 876 1250 licet
908 1213 975 1249 alii
1007 1214 1230 1262 interpretes
1263 1213 1415 1264 longius
1447 1214 1652 1253 abel-rave·
1694 1236 1695 1241 =

290 1274 370 1310 rint
395 1285 417 1309 a
436 1283 549 1318 νει-ος
574 1271 676 1307 nihil
700 1278 756 1308 est
769 1271 1011 1319 fugientibus
1035 1274 1228 1310 consulere
1250 1273 1327 1311 nisi
1352 1273 1540 1323 fugientes
1560 1286 1651 1324 per-

290 1331 411 1382 sequi,
440 1336 479 1367 et
502 1341 591 1365 cum
615 1330 744 1366 studio
769 1331 940 1379 quidem.

386 1401 822 1438 CONSULTATIONES
847 1411 884 1437 v.
894 1398 1174 1437 abstracta.

388 1469 734 1509 CONSUMMARE
750 1483 798 1501 =
814 1469 989 1516 perficere
1013 1469 1111 1506 Hist.
1124 1475 1159 1515 3,
1175 1467 1221 1509 84
1246 1469 1434 1520 quidquid
1451 1477 1510 1508 tot
1531 1481 1647 1520 proe-

292 1532 352 1566 liis
378 1529 521 1565 laboris
546 1541 602 1564 ac·
618 1529 778 1575 pen‘culi
802 1528 1034 1572 hausissent,
1070 1539 1179 1574 opere
1205 1530 1269 1564 illo
1294 1531 1542 1566 consummari
1563 1531 1649 1566 cla-

291 1592 476 1625 mitantes.
523 1589 578 1622 Ita
607 1592 755 1634 praeter
786 1585 906 1632 ejusd.
937 1593 1009 1623 aet.
1044 1586 1248 1634 scriptores
1281 1588 1368 1624 Liv.
1386 1593 1446 1633 28,
1468 1591 1512 1628 17
1545 1590 1649 1625 velut

289 1652 581 1684 consummatam
605 1644 684 1689 ejus
710 1643 796 1679 belli
818 1646 985 1692 gloriam
1010 1645 1228 1691 spectabat‚·
1260 1650 1319 1691 29,
1337 1651 1383 1684 23
1404 1646 1458 1683 ad
1472 1659 1557 1683 eam
1574 1659 1648 1682 rem

289 1704 680 1742 consummandam—
695 1703 887 1749 profectus
910 1704 1146 1740 Hasdrubal.
1180 1703 1237 1740 Cf.
1262 1706 1364 1743 Vell.
1382 1707 1417 1748 2,
1438 1705 1510 1744 116
1529 1716 1648 1752 prae-

288 1771 418 1811 reptus
447 1766 638 1799 immature
665 1768 700 1797 et
722 1761 861 1808 fructu
893 1764 1143 1808 amplissimae
1174 1765 1364 1811 principis
1395 1765 1581 1800 amicitiae
1612 1771 1648 1800 et

288 1824 598 1858 consummatione
629 1828 778 1857 evectae
810 1821 859 1857 in.
894 1821 1112 1856 altissimum
1148 1817 1421 1877 paternumque
1439 1821 1647 1872 fastigium

287 1883 470 1928 imaginis
496 1880 675 1926 deceptus
699 1886 766 1914 est.

384 1949 692 1992 CONTACTUS,
719 1948 779 1983 US
803 1947 982 1984 translate
1006 1947 1032 1984 i.
1058 1959 1097 1997 q.
1121 1947 1306 1997 contagio,
1332 1960 1416 1985 rara
1437 1949 1646 1987 admodum

287 2006 670 2056 significationen-de
695 2004 865 2041 morbo
889 2008 993 2042 Ann.
1011 2006 1045 2052 6,
1066 2010 1087 2046 7
1121 2006 1253 2052 insecti
1286 2009 1398 2055 quasi
1428 2010 1648 2046 valetudine
1700 2033 1702 2036 <

287 2073 322 2101 et
348 2071 546 2102 contaetus
573 2064 624 2100 cf..
646 2064 732 2101 Liv.
750 2062 786 2107 ll,
807 2070 854 2102 30
889 2063 1057 2111 (inspice
1089 2063 1203 2100 etiam
1227 2069 1286 2110 25,
1305 2067 1369 2113 26)
1403 2067 1533 2103 scabie
1559 2069 1647 2104 'alia

287 2125 490 2171 absumpta
513 2123 690 2170 (pecora)
715 2124 938 2169 vulgatique
963 2128 1140 2158 contactu
1164 2125 1205 2159 in
1229 2124 1392 2160 homines
1415 2125 1532 2160 morbi
1540 2140 1554 2170 ,-
1586 2124 1643 2162 ibi

229 2216 234 2219 Α
287 2189 415 2219 tamen
440 2182 632 2230 praevalet
657 2180 811 2228 propria
841 2179 950 2216 vocis
982 2179 1221 2228 significatio,
1255 2180 1382 2231 qualis
1413 2182 1518 2230 apud
1550 2194 1646 2230 poe-

287 2248 345 2278 tas
370 2240 539 2276 maxime
564 2238 730 2285 obtinet3
756 2238 894 2274 similis
919 2239 1028 2274 locus
1053 2245 1110 2275 est
1133 2238 1264 2286 Agric.
1277 2245 1321 2278 31
1349 2242 1476 2276 oculos
1501 2252 1645 2288 quoque

286 2311 312 2335 α
337 2306 513 2336 contactu
538 2298 799 2334 dominationis
831 2291 1032 2331 inviolatos
1065 2296 1308 2334 habebamus.
1348 2298 1404 2334 de
1436 2299 1647 2335 seditio-

285 2357 435 2395 nibus
477 2357 790 2405 motibusque
838 2355 1065 2402 exemplo
1108 2355 1323 2391 aliorum
1372 2357 1645 2400 concitatis

285 2418 390 2452 Ann.
406 2421 438 2459 1,
453 2413 500 2453 43
526 2415 704 2452 discedite
729 2427 755 2450 a
774 2419 948 2449 contactu
973 2424 1020 2447 ac
1045 2412 1201 2448 dividite
1224 2414 1419 2452 turbidam
1442 2409 1642 2460 Hist.'1,11

285 2481 328 2510 ut
361 2476 495 2521 cuique
527 2475 701 2509 exercitui
734 2473 883 2509 vicinae
914 2471 1171 2519 (provinciae)
1213 2473 1268 2507 ita
1302 2474 1344 2509 in
1363 2471 1545 2519 favorem
1575 2481 1643 2511 aut

287 2533 410 2582 odium
441 2540 618 2569 contactu
653 2531 901 2568 valentiorum
933 2529 1166 2577 agebantur‚·
1209 2534 1244 2575 2,
1268 2531 1314 2568 60
1352 2532 1465 2567 simul
1498 2539 1643 2568 ceterae
1691 2562 1694 2570 Α

286 2593 449 2640 legiones
479 2598 658 2628 contactu
689 2609 738 2618 -
769 2589 901 2625 bellum
932 2587 1224 2625 meditabantur.
1272 2591 1327 2625 Ita
1358 2590 1464 2626 solus
1494 2597 1642 2638 praeter

286 2651 464 2686 Tacitum
496 2651 648 2686 Sallust.
680 2648 780 2684 nist.
797 2652 815 2685 1
851 2643 974 2694 p.948
1007 2658 1084 2682 non
1116 2648 1317 2695 patiamini
1339 2665 1387 2675 —
1416 2647 1555 2685 rabiem
1584 2648 1642 2686 ad

286 2712 450 2758 integros
473 2716 650 2746 contactu
672 2706 887 2756 procedere,
