1702 2982
0 550 9 568 Ι

444 65 454 83 Ι

92 108 103 134 ,·
119 120 154 130 Μ
1154 101 1182 142 ⁸

179 181 235 227 'de
257 184 410 229 ceteris
431 182 572 230 Taciti
591 185 637 230 iu
657 188 956 249 componenda
973 186 1071 233 hist.
1095 190 1332 239 virtutibus.
1365 201 1498 240 XXXV

136 302 320 348 vendam
349 302 573 367 profuturo
605 304 762 366 gaudio
793 305 947 368 implet
958 318 1091 370 atque
1112 309 1330 371 perfundit
1351 329 1497 373 eorum

125 367 313 431 'animos‚
345 374 417 437 qui
447 390 536 420 non
568 375 776 443 quasisad
808 377 981 437 dumeta·
1010 378 1146 442 spinis
1178 379 1374 440 horrida,
1416 387 1495 432 sed

55 496 62 505 x
131 441 247 490 velut
277 444 335 491 ad
363 446 683 508 'sanctissimum
716 447 871 506 lucum,
906 449 1034 495 dubio
1068 452 1240 513 quidem
1267 455 1344 500 sed
1374 473 1494 504 sacro

128 513 306 564 lumine.
331 516 602 575 sublustrem,
642 520 854 566 accedunt
898 521 952 566 ad
988 520 1132 568 Taciti
1175 523 1308 571 libros
1350 529 1490 591 perlu-
1530 577 1534 587 ,

124 586 341 634 εῐιᾋιιὰοὲ.
1100 604 1113 612 “
1330 601 1333 605 “

241 656 430 718 Rectius!
447 661 637 722 profecto
658 660 834 708 ‘crimini
855 664 949 710 dari
967 665 1176 728 potuisset
1198 667 1353 715 Tacito
1377 673 1490 734 quod

123 727 320 776 multiin
362 730 531 778 laudem
577 721 885 796 ejiisstad-ferre
938 736 1100 794 solent,
1146 738 1491 803 imitationem

123 799 220 846 dieo
249 801 449 864 prioris
485 796 604 851 *aevi
643 807 986 870 scriptorum,
1029 810 1212 857 maxime
1252 824 1490 875 poetarum,

123 884 301 933 quorum
332 873 403 920 isti
435 886 477 921 et
507 891 749 922 sermonem
780 888 821 924 et
853 881 1083 935 sententias
1114 882 1171 927 ad
1191 883 1368 930 verbum
1389 903 1484 944 eum

119 959 427 1007 nonnunquam
447 948 702 995 „reddidisse
743 951 1016 997 contendunt.
1077 954 1163 1000 Sed
1204 953 1356 1000 horum
1386 974 1483 1019 per-

121 1017 456 1083 versam¹plane
497 1036 591 1065 esse
630 1021 884 1067 sententiam
921 1021 1048 1068 facile
1082 1025 1485 1086 demonstrabimus,

120 1086 158 1132 si
192 1086 305 1133 falsa
350 1107 525 1152 prorsus
565 1091 617 1137 de
658 1092 843 1149 ratione,
883 1109 967 1156 qua
1004 1100 1167 1141 veteres
1207 1098 1485 1162 scriptoribus

118 1157 206 1204 suis
221 1158 416 1222 legefidis
439 1179 613 1225 operam
635 1163 841 1221 dederint,
864 1182 938 1210 eos
962 1165 1043 1212 sibi
1066 1168 1319 1216 confinxisse
1341 1183 1483 1233 ostem

117 1229 317 1276 derimus.
377 1232 529 1279 Poetis
563 1235 735 1297 quidem
767 1235 1064 1292 Romanorum
1098 1250 1140 1284 et
1169 1252 1267 1286 ante
1298 1242 1482 1304 Augusti

115 1316 266 1347 aevum
307 1315 348 1349 et
378 1321 438 1350 =ea
467 1305 564 1368 ipsa
594 1318 733 1353 aetate
765 1308 801 1353 si
832 1308 928 1371 ipsa
959 1326 1088 1373 saepe
1120 1311 1253 1356 verba
1286 1314 1479 1373 Graeco-2

115 1390 208 1418 rum
239 1375 529 1438 exemplorum
558 1376 836 1430 reddiderunt
868 1381 994 1426 venia
1015 1398 1102 1427 non
1130 1393 1192 1427 est
1214 1385 1479 1446 deneganda,

113 1445 246 1492 multo
278 1448 405 1493 etiam
437 1449 576 1495 minus
610 1455 739 1513 quam
770 1453 1070 1509 nostrisolim
1088 1453 1242 1511 Gallos
1264 1455 1476 1504 Batavos-

115 1532 196 1578 que
242 1517 523 1565 imitantibus.'
580 1522 666 1568 Sed
704 1522 742 1570 si
785 1523 1036 1570 Ciceronem
1071 1525 1347 1586 jam-Latini
1379 1546 1476 1575 ser-

113 1588 254 1641 monis
294 1590 404 1636 fines
442 1593 685 1653 extendisse>
720 1610 798 1639 suo
830 1611 879 1641 ac
909 1597 1111 1659 peculiari
1141 1598 1270 1643 modo
1302 1602 1484 1647 confite-⁷

113 1660 229 1715 mur,
252 1658 290 1704 si
318 1662 581 1718 Sallustium,
612 1662 799 1722 Livium,
831 1667 939 1712 alios
960 1667 1123 1729 ,legisse
1157 1669 1328 1731 quidem
1359 1688 1477 1731 suos,
1509 1710 1512 1711 ν

114 1729 192 1774 sed
228 1747 318 1776 non
355 1731 431 1778 illa
468 1734 685 1780 dumtaxat
723 1736 911 1794 ratione,
955 1738 1146 1801 singulos
1188 1741 1309 1802 quasi
1347 1742 1474 1790 flores
1512 1793 1531 1799 V,

113 1813 384 1864 excerpentes
417 1805 588 1868 suisque
618 1806 866 1864 inserentes,
898 1810 1155 1871 expressisse
1192 1811 1300 1874 ipsis
1332 1815 1472 1867 yerbis

112 1873 395 1931 concedimus,
429 1887 587 1937 quanta
609 1877 883 1935 adficeremus
903 1880 1062 1942 injuria
1079 1899 1177 1944 eum
1209 1883 1473 1947 scriptorem,

108 1944 181 2006 qui
210 1945 320 1990 inter
350 1962 498 1992 omnes
529 1948 710 1995 maxime
743 1966 845 1996 suus
877 1962 955 2008 est,
988 1969 1150 2016 suoque
1180 1955 1352 2016 ingenio
1390 1959 1469 2004 uti-

100 2025 178 2076 tur
211 2015 257 2061 in
296 2011 618 2064 conformando*
644 2021 849 2068 orationis
891 2040 1068 2084 genere,
1109 2025 1164 2081 si,
1194 2037 1254 2071 vut
1292 2027 1363 2074 isti
1394 2045 1468 2074 vo-

107 2084 213 2143 lunt,
231 2103 326 2133 eum
346 2105 368 2133 e
381 2088 598 2148 LucretiO,
621 2090 822 2154 Virgilio,
843 2087 1226 2154 Sallustio,'Livio‚
1251 2098 1471 2158 Cicerone,

108 2154 358 2220 Thucydide
390 2162 568 2207 consilio
601 2179 650 2209 ac
681 2164 733 2209 de
773 2164 981 2212 industria
1022 2168 1231 2229 quaedam
1272 2171 1470 2233 deprom-

109 2229 248 2291 psisse
293 2235 615 2293 putaremus1).
685 2234 786 2280 Alia
824 2255 926 2284 vero
962 2256 1032 2285 res
1076 2250 1140 2285 est
1170 2241 1346 2298 imitari,
1387 2243 1470 2290 alia

132 2337 167 2384 ¹)
196 2340 243 2376 V.
269 2340 418 2377 Ernesti
447 2341 659 2379 innumeris
685 2346 955 2382 commentarii
980 2347 1027 2382 ad
1053 2348 1178 2386 Taciti
1204 2348 1324 2386 libros
1343 2351 1471 2397 ilocis5

200 2399 431 2447 Ruperti'ad
457 2402 599 2438 Annal.
618 2415 674 2450 *ps
692 2407 776 2445 378.
803 2409 893 2452 5523
932 2407 1102 2444 Gronov.
1134 2409 1181 2443 ad
1214 2409 1316 2446 Hist.
1341 2415 1376 2456 2,
1406 2417 1473 2453 10;

201 2459 413 2496 Wernicke
433 2461 480 2497 de
500 2461 713 2500 eloc'utione
733 2464 859 2500 Taciti
878 2467 1075 2513 (Thornni
1096 2468 1212 2513 1829)
1238 2472 1272 2515 §.
1288 2467 1333 2515 23
1359 2472 1471 2507 Hess.

203 2517 331 2555 variae
356 2522 457 2557 lectt.
485 2521 530 2557 in
556 2523 684 2559 Germ.
711 2532 958 2561 commentat.
983 2528 999 2560 1
1024 2539 1061 2574 p.
1088 2528 1147 2564 36.
1173 2531 1219 2568 39
1227 2538 1239 2574 3
1264 2528 1398 2564 Hei-tel
1423 2529 1470 2564 ad

202 2577 331 2626 Agric.
354 2583 418 2620 37³
443 2581 556 2617 Roth.
574 2594 792 2630 synonyma
809 2585 933 2620 Taciti
953 2598 991 2632 p.
1012 2591 1078 2628 39;
1102 2587 1258 2623 Walch.
1275 2588 1322 2623 ad
1341 2588 1470 2635 Agric,

201 2647 262 2684 cp.
290 2642 334 2675 12
361 2651 398 2686 p.
425 2645 506 2678 201.
550 2642 605 2679 cf.
631 2642 748 2678 etiam
773 2644 936 2680 Sfivern.
962 2647 989 2680 l.
1016 2647 1042 2680 1.
1071 2658 1107 2693 p.
1139 2651 1218 2691 135,
1247 2647 1317 2696 qui
1340 2653 1469 2682 tamen

201 2695 304 2732 nihil
337 2697 430 2735 dicit
461 2700 539 2737 nisi
572 2700 830 2747 obversatum,
851 2715 933 2740 esse
966 2705 1101 2741 Tacito
1126 2705 1255 2751 (Hist.
1281 2701 1324 2751 1¹,
1344 2711 1393 2747 Κ2.
1419 2706 1471 2752 3)

200 2757 329 2792 locum
355 2758 653 2806 Thucydideum
679 2768 712 2807 1,
740 2759 799 2799 23:

1135 2825 1186 2865 3*
