1702 2982
226 146 313 190 266
783 143 1020 193 Infinitivus
1059 128 1067 132 ’

225 261 399 295 incautos
421 257 610 295 barbaros
634 263 670 294 et
691 256 784 294 bene
803 256 994 306 gerendae
1026 258 1079 294 rei
1102 261 1232 295 casum
1260 254 1390 304 offerri
1414 259 1580 307 unipes-¹
1645 294 1650 299 ,

227 324 303 354 rat.
354 316 411 354 Cf.
426 317 504 356 Cic.
530 315 580 352 de
604 327 657 371 or.
674 322 707 362 1,
720 321 767 354 33
790 328 964 365 perverse
989 315 1114 353 dicere
1135 317 1298 353 homines
1319 328 1492 366 perverse
1514 315 1580 360 ᾧ

224 375 343 412 cende
365 375 555 427 facillime
588 375 765 422 consequi
771 389 787 419 ‚·
815 380 851 421 3,
865 379 911 412 22
941 376 1018 411 nisi
1043 377 1295 423 palaestram,
1332 377 1405 411 nisi
1434 375 1602 411 saliare

225 434 438 478 didicisset,-
477 436 589 470 Tusc.
606 439 637 477 1,
652 433 700 471 26
730 439 772 468 ut
803 435 887 470 Jovi
922 433 1046 470 bibere
1075 436 1320 479 ministraret;
1362 430 1582 480 Liv.40„41

222 493 321 528 nihil
339 494 447 540 prius
469 493 655 540 petierunt
687 503 714 526 a
735 499 925 539 praetore,
959 505 1071 540 quam
1101 500 1143 529 ut
1175 492 1301 529 bibere
1331 492 1404 528 sibi
1433 491 1590 536 juberet,

223 550 322 587 dari.
347 550 414 595 (cf.
440 549 496 586 ibi
521 548 734 597 Drakenb.)
780 551 892 585 Plura
916 551 1074 597 epoetis
1099 558 1135 587 et
1160 550 1347 600 sequioris
1370 550 1461 587 aevi
1481 549 1580 587 scri-

220 607 396 657 ptoribus
419 607 537 655 petita
558 619 598 645 v.
624 620 688 655 ap.
712 608 866 644 Ramsh.
891 621 930 656 p.
943 605 1027 646 425.
1051 629 1098 636 -
1145 609 1308 646 nativus
1340 615 1398 645 est
1420 607 1579 644 Taciteo

219 667 378 716 quidem
401 678 508 702 more
531 664 772 712 Ann.1l4‚56
789 666 925 713 factus
950 675 1091 703 natura
1116 674 1150 703 et
1175 667 1440 704 consuetudine
1462 678 1579 704 exer-³

175 732 180 735 '
219 728 316 763 citus
341 724 434 772 (τῷ)
458 724 584 761 velare
609 724 732 760 odium
745 724 968 771 fallacibus
992 725 1200 762 blanditiis.

316 787 375 827 7)
378 782 557 819 Proxime
581 783 728 819 accedit
751 783 798 819 ad
824 796 868 820 ea
891 795 993 832 quae
1023 784 1140 821 modo
1170 781 1345 833 exposita
1379 787 1470 820 sunt
1499 780 1580 818 in·

220 841 456 878 finitivus
488 841 654 878 verbis
687 842 952 890 permultis
984 841 1205 893 julnctus,
1249 853 1349 892 quae
1379 851 1402 877 e
1425 839 1579 889 vnignri

218 911 392 936 sermone
416 906 469 944 ut,
495 913 553 944 ne,
580 903 785 948 quominus,
820 901 922 948 quod
945 903 1010 937 vel
1033 901 1150 937 aliam
1174 907 1401 938 structuram
1425 899 1579 936 deside-
1601 900 1603 902 ’

217 965 312 994 rant.
362 960 482 994 Nemo
506 957 605 993 inter
629 969 761 995 omnes
779 959 934 995 Latinos
961 959 1175 1007 scriptores,
1199 971 1248 995 ne
1271 957 1395 1006 poetis
1418 956 1578 1007 quidem

218 1015 402 1064 exceptis,
428 1016 578 1064 saepius
603 1017 677 1052 hoc
700 1016 898 1067 brevitatis
923 1016 1142 1063 adjumento
1167 1029 1258 1053 usus
1283 1023 1341 1053 est
1365 1025 1483 1065 quam
1498 1017 1579 1062 'ra-5

217 1075 329 1121 citus,
355 1081 393 1111 et
416 1086 505 1110 cnm
529 1075 678 1112 variare
703 1087 914 1111 sermonem
942 1083 1054 1120 amet,
1089 1076 1191 1111 haud
1224 1087 1311 1111 raro
1350 1087 1441 1111 cum
1471 1074 1581 1111 imo-

215 1133 369 1171 lentim-i
394 1133 465 1169 hac
493 1133 774 1170 constructione
799 1133 998 1179 conjunxit
1022 1135 1232 1183 vulgarem.

167 1236 171 1243 ,
309 1194 348 1238 a)
374 1191 476 1236 apud
501 1192 596 1228 alios
621 1204 774 1241 quoque
799 1192 1013 1240 scriptores,
1039 1192 1251 1228 maximam
1282 1199 1428 1241 partem
1460 1191 1578 1229 etiam

162 1246 166 1253 Α
216 1250 315 1298 apud
344 1249 500 1296 priores,
527 1261 762 1299 quamquam
786 1251 915 1287 minus
939 1263 1063 1298 saepe,
1089 1249 1139 1285 ita
1163 1258 1343 1298 usurpata
1367 1250 1578 1287 inveniun—

215 1316 277 1345 tur
301 1310 460 1351 hortari,
494 1309 687 1355 impellere,
718 1311 946 1356 praecipere,
976 1312 1195 1356 permittere,
1222 1311 1428 1356 postulare,
1442 1312 1578 1358 ,impe-

215 1380 314 1412 rare,
342 1378 496 1409 monere,
521 1373 722 1413 maturare,
746 1367 957 1414 prohibere,
982 1369 1136 1413 instare,
1160 1367 1386 1412 erubescere,
1418 1380 1578 1404 consen·

217 1428 298 1469 tire,
334 1426 534 1470 destinare,
566 1437 732 1473 pergere.
760 1426 827 1472 (cf.
852 1425 1046 1461 Drakenb.
1078 1426 1125 1461 ad
1152 1425 1235 1461 Liv.
1249 1430 1308 1469 37,
1322 1424 1381 1468 49,
1398 1426 1440 1473 1)
1471 1425 1576 1461 Ann.

219 1490 278 1527 11,
294 1484 339 1521 16
368 1488 507 1519 Caesar
529 1503 576 1509 —
601 1483 831 1519 hortatur
856 1504 906 1510 —
928 1486 1066 1532 gentile
1093 1485 1211 1521 decus
1235 1497 1445 1532 capessere,
1477 1485 1513 1528 6,
1527 1487 1574 1524 37

221 1543 394 1580 Vitellius
419 1562 467 1568 —-
499 1543 672 1577 hortatus
706 1543 900 1578 Tiridaten
935 1549 1077 1590 parata
1110 1555 1303 1589 capessere
1335 1549 1426 1587 cet-,-
1459 1548 1516 1586 15,
1529 1547 1578 1584 59

215 1602 457 1637 hortarentur
480 1602 654 1636 Pisonem
677 1612 831 1647 pergere
863 1603 903 1636 in
937 1609 1080 1638 castra.
1127 1604 1183 1636 Ita
1217 1601 1295 1638 Cic.
1330 1612 1486 1650 quoque
1515 1593 1591 1636 lo?

217 1660 369 1708 quitur3
405 1658 470 1694 s'ed
497 1658 653 1694 Tacitus
677 1658 793 1694 etiam
818 1660 1042 1706 compositis
1067 1660 1120 1696 ita
1144 1671 1240 1696 usus
1262 1665 1319 1695 est
1338 1656 1577 1703 Ann.12,4‘9

214 1719 312 1753 ultro
338 1719 484 1765 regium
508 1718 652 1763 insigne
676 1729 824 1752 sumere
852 1717 1166 1762 cohortatur,
1200 1719 1295 1763 3,16
1319 1722 1378 1754 M.
1407 1718 1494 1753 Piso
1515 1728 1578 1753 re-

214 1783 336 1824 petere
371 1777 524 1822 Syriam
562 1775 852 1812 dehortatus
889 1784 974 1813 est.
1034 1777 1211 1822 Ann:13‚
1228 1782 1273 1818 19
1308 1775 1491 1811 Paridem
1525 1793 1576 1803 --

215 1834 414 1882 impulit
439 1836 494 1868 ire
517 1846 671 1881 propere
703 1833 772 1877 (ita
803 1835 955 1881 saepius
986 1834 1190 1880 Justinus).
1237 1834 1367 1882 Agric.
1381 1839 1428 1871 38
1458 1837 1578 1881 prae-

203 1893 314 1940 jecto
340 1893 476 1928 classis
501 1893 733 1927 circumvehi
756 1895 1000 1928 Britanniam
1028 1892 1293 1940 praecepit
1318 1892 1460 1938 (Ovidq
1472 1891 1574 1927 Ptin.

215 1951 335 1996 maj..)
372 1949 470 1985 nist.
485 1956 517 1995 1,
532 1947 576 1989 47
603 1951 758 1985 concedi
785 1963 944 1997 corpora
969 1953 1184 1997 sepulturae
1214 1953 1442 1999 cremarique
1466 1961 1579 2001 per-

213 2009 347 2046 misit
375 2009 488 2055 (Nep.
516 2009 612 2045 Gon.
623 2007 689 2055 4),·
712 2007 747 2052 4,
763 2014 809 2046 22
837 2009 904 2044 sed
927 2021 1060 2054 parum
1094 2012 1282 2057 provisum
1307 2017 1348 2045 ut
1380 2011 1511 2056 copiae
1533 2009 1576 2044 in
1606 2030 1608 2032 -

216 2075 347 2105 castra
390 2068 701 2102 conveherentur:
740 2068 827 2112 rapi
865 2069 1070 2113 pet-misem
1126 2070 1230 2102 Ann.
1243 2073 1277 2111 2,
1291 2072 1338 2105 50
1369 2067 1575 2110 malestatis

203 2129 354 2164 ⁴crimen
386 2125 566 2170 distingui
600 2129 738 2161 Caesar
771 2124 1045 2171 postulavit
1079 2125 1217 2171 (Cic.);
1259 2123 1443 2168 Hist.l1,·2
1475 2125 1575 2159 civi-

215 2193 276 2221 tas
298 2204 347 2212 —-
372 2185 565 2231 exstingui
591 2184 733 2231 reliqua
760 2182 845 2217 belli
869 2182 1108 2229 postulabat;
1139 2188 1174 2228 3,
1190 2188 1233 2219 81
1261 2184 1382 2218 eaeimi
1405 2193 1574 2231 supremo

216 2244 410 2279 certamini
439 2255 552 2277 unum
586 2242 682 2277 diem
701 2240 948 2289 postulabat}
983 2240 1124 2277 'eodem
1155 2241 1272 2276 modo
1304 2252 1366 2287 ap.
1398 2239 1575 2276 Tacitum

215 2301 428 2349 junguntur
464 2302 800 2347 expostulare,
839 2309 1127 2345 exposcere,
1166 2298 1436 2345 deposcere
1467 2295 1574 2334 Ajm.

217 2364 274 2402 15,
291 2363 334 2399 17
360 2359 423 2394 ille
446 2361 658 2393 Armeniam
682 2377 728 2385 -
752 2369 912 2394 vacuam
933 2355 1026 2400 fieri
1057 2356 1326 2403 expostulabat
1358 2356 1444 2403 (sed
1467 2359 1574 2393 Ann.

218 2422 274 2461 12,
289 2416 337 2454 46
361 2423 473 2462 utque
496 2436 546 2442 —
567 2416 753 2452 decedant
784 2414 1045 2463 expostulant),-
1079 2413 1136 2458 14,
1153 2420 1198 2452 13
1230 2416 1338 2450 simul
1369 2415 1574 2463 praegredi
1630 2447 1638 2460 N

214 2481 448 2524 εα·ροεεηιιί;
494 2474 591 2510 Hist.
612 2480 655 2518 3,
679 2480 723 2516 19
759 2486 912 2522 pergere
950 2477 1159 2509 Cremonam
1197 2493 1245 2501 —-
1282 2473 1500 2520 deposcunt.
1524 2493 1575 2501 —

213 2535 319 2569 Ann.
337 2538 393 2578 15,
408 2537 453 2570 28
475 2531 565 2575 filio
596 2554 644 2559 —
677 2533 813 2568 ducere
844 2533 1050 2579 manipulos
1081 2539 1194 2579 atque
1226 2535 1368 2579 operire
1396 2533 1574 2579 reliquias

215 2593 337 2640 malae
360 2603 519 2639 pugnaev
539 2591 810 2639 imperavit
835 2591 932 2635 (cic.
964 2592 1089 2634 Att.2,
1105 2588 1173 2635 4);
1206 2595 1240 2633 2,
1256 2595 1302 2628 25
1341 2594 1378 2627 C.
1410 2591 1501 2626 Silio
1524 2611 1572 2619 —-

214 2652 267 2685 ire
290 2652 332 2686 in
357 2640 484 2688 Cattos
509 2651 676 2698 imperat.
702 2669 748 2678 —-
797 2650 901 2686 Anu.
920 2656 951 2696 1,
966 2649 1012 2687 63
1044 2650 1233 2685 Arminius
1266 2649 1394 2697 colligi
1424 2659 1513 2684 suos
1537 2653 1572 2682 et
