1702 2982
611 205 671 250 de
701 175 958 267 Dialegoi
1378 213 1463 249 XIII
1500 255 1504 270 ⁵

226 324 336 371 Cum
376 323 436 369 ita
476 324 565 385 jam
609 322 712 368 satis
743 333 900 386 pateat,
933 322 1150 384 dialogum
1179 320 1333 368 Tacito
1365 339 1458 368 csse

104 396 421 450 vindicandum,
464 394 602 439 omnis
647 392 754 456 quae
774 394 949 456 -reliqua
978 393 1104 440 suerit
1136 395 1340 447 dubitatio
1373 394 1458 440 exi-

103 468 231 514 mitur
258 467 352 512 loco
384 465 568 527 quodam
597 464 732 510 Plinii
761 465 956 526 junioris,
990 466 1060 530 qui
1092 466 1182 511 sine
1215 465 1471 512 controver?

103 540 167 585 sia
208 537 520 597 adsdialogum
562 536 745 598 respici&
807 535 926 583 Nam
970 553 1077 599 quae
1120 537 1206 599 Ep.
1241 541 1281 593 9,
1318 547 1370 582 10
1401 538 1458 584 ad

101 609 145 654 T
147 610 302 655 acitum
339 608 497 670 scripta
536 607 730 668 leguntur
790 612 1001 670 „Itaque
1039 616 1267 669 poemata
1312 609 1458 670 quies-

94 683 224 736 tunt,
257 696 375 741 qaae
406 686 456 724 ta
487 678 831 724 internemora
863 687 910 725 et
943 680 1070 727 lacos
1095 680 1461 724 commodissime

27 748 50 819 J
95 752 264 812 perfici
292 756 476 812 putas“
520 767 587 812 cp.
623 760 676 794 12
719 751 878 820 dialogi
920 751 1157 797 consimilia
1195 762 1320 815 atque
1359 769 1459 796 ean·

100 823 198 868 dem
227 840 317 868 rem
347 821 627 884 exprimentia
656 822 893 867 invenimus
925 839 1151 880 „nemora
1186 834 1290 867 vero
1325 830 1373 880 et,
1394 824 1460 867 la·-

101 895 196 948 ci¹)
229 901 276 939 et
298 901 523 956 secretum
551 893 715 954 ipsum,
744 895 870 955 quod
886 897 1016 955 Aper
1037 895 1323 954 increpabat,
1358 903 1460 940 tan-

100 974 195 1011 tam
225 966 336 1010 mihi
362 965 579 1027 adferant
608 965 909 1025 voluptatem,
955 973 1008 1010 ut
1037 966 1155 1012 inter
1180 966 1458 1025 praecipuos

101 1037 356 1082 carminum
381 1037 576 1098 fructas
620 1053 848 1080 numerem
887 1037 1014 1098 qaod
1050 1053 1134 1081 nec
1175 1038 1223 1082 in
1255 1038 1458 1098 strepitu,

100 1125 183 1153 nec
213 1107 398 1154 sedente
429 1115 539 1164 ante
571 1108 736 1153 ostium
769 1109 1011 1169 litigatore,
1046 1123 1129 1152 nec
1156 1108 1279 1163 imfier
1303 1110 1460 1154 sordes

100 1196 158 1224 ac
187 1179 406 1224 lacrimas
439 1196 613 1224 reorum
645 1185 1031 1238 componantar.“
1092 1179 1160 1224 Cf.
1193 1198 1260 1242 cp.
1284 1191 1334 1235 9.
1350 1187 1389 1234 ²)

219 1250 292 1295 Ad
321 1267 388 1295 res
419 1261 562 1312 gestas
596 1251 913 1311 componendas
944 1261 1033 1295 tum
1063 1251 1246 1312 primum
1267 1252 1463 1297 ‘accessit

104 1322 295 1378 Tacitus,
329 1340 422 1367 cum
452 1321 705 1367 Domitiano
745 1320 964 1367 interfecto
1002 1340 1142 1367 rerum
1180 1322 1458 1384 scriptoribus

96 1395 325 1457 ,ademptus
358 1403 472 1438 esset
502 1404 653 1450 metus,
685 1411 738 1438 ne
772 1392 977 1438 Cre-mutii
1010 1393 1144 1439 Cordi
1174 1394 1262 1441 fato
1295 1405 1459 1439 uteren-

101 1478 180 1522 tur,
213 1466 249 1510 si
277 1464 455 1509 meliora
487 1481 614 1527 quam
646 1463 818 1517 foedam
840 1463 1126 1510 adulationem
1148 1466 1268 1527 sequi
1289 1466 1459 1511 vellent.

100 1537 161 1581 Et
190 1536 370 1599 primum
404 1536 577 1597 quidem
598 1553 637 1580 a.
661 1546 719 1590 97
751 1535 925 1590 (aetatis
948 1536 1113 1580 circiter
1135 1536 1218 1589 45)
1253 1553 1336 1598 quo
1359 1554 1460 1582 con-

103 1607 242 1652 sulatu
270 1607 535 1667 fungebatur,
567 1608 739 1659 vitam
770 1607 1022 1668 conscripsit
1050 1606 1198 1652 Julii
1228 1608 1462 1669 Agrico-

101 1677 190 1723 lae
212 1657 381 1733 sicori,
422 1677 485 1739 pii
515 1678 706 1739 gratique
736 1678 781 1722 in
803 1696 907 1735 *eum
938 1678 1069 1722 animi
1099 1679 1336 1727 immortale
1369 1696 1460 1724 mo-

103 1744 360 1793 numentum.
421 1748 491 1791 Eo
531 1748 808 1792 cummaxime
849 1759 1038 1811 tempore
1070 1748 1181 1794 hunc
1211 1748 1366 1794 librum
1395 1749 1462 1795 in-

104 1819 301 1865 choatum
332 1836 423 1864 esse
454 1819 567 1863 inde·
586 1818 808 1880 colligitur,
841 1820 957 1881 quod
987 1820 1124 1881 capite
1156 1821 1279 1865 tertio
1314 1819 1462 1866 Nerva

102 1891 333 1952 imperator
375 1906 462 1934 non
505 1890 671 1950 adjecto
714 1890 810 1934 divi
847 1890 1097 1951 cognomine
1128 1887 1388 1956 memoratur
1419 1903 1492 1937 et·

63 1970 78 1986 ⁸
104 1962 320 2023 Trajanus
352 1972 495 2006 tamen
524 1961 613 2022 jam
641 1960 687 2005 in
719 1961 976 2006 consortium
1006 1961 1171 2023 imperii
1213 1962 1475 2025 adsumptus·

46 2065 50 2067 -
92 2033 350 2094 ¹designatur
365 2037 422 2088 3).
464 2032 550 2078 Sed
570 2049 664 2077 cum
691 2042 916 2078 auctumno
945 2032 1111 2077 demum
1141 2033 1331 2094 ejusdem
1357 2034 1460 2079 anni

244 2152 448 2189 cendum
481 2150 660 2188 habere
685 2151 837 2202 aliaque
862 2152 1037 2188 Taciteae
1063 2152 1243 2189 dictionis
1269 2153 1461 2202 attingen-

244 2219 312 2256 tes,
339 2212 466 2247 minus
491 2212 569 2247 huo
598 2212 802 2259 pertinent,
829 2223 919 2247 cum
944 2213 1077 2248 eadem
1101 2212 1215 2248 etiam
1235 2214 1338 2261 apud
1357 2213 1461 2261 ejus-

247 2271 335 2307 dem
361 2270 494 2307 aetatis
515 2270 717 2318 scriptores
743 2273 933 2319 legantur.

182 2332 217 2374 ν)
243 2331 299 2368 Cf.
327 2333 454 2367 Germ.
487 2335 524 2372 9.
550 2336 616 2372 19.
647 2330 717 2376 453
751 2331 818 2367 sed
851 2331 963 2368 etiam
994 2332 1093 2368 Plin.
1118 2334 1166 2368 H.
1192 2335 1238 2368 N.
1265 2330 1300 2377 4,
1327 2333 1375 2371 26
1398 2333 1460 2370 ed.

158 2410 161 2411 ν
246 2391 293 2426 Βί
325 2417 334 2425 .
948 2393 951 2395 ’
1154 2420 1169 2430 .,

181 2452 218 2497 ²)
243 2403 548 2497 Depargumento
573 2449 716 2500 dialogi
740 2451 1242 2503 v.Dr0nkii1Ji-olegomena
1267 2458 1304 2488 et
1327 2454 1461 2489 Kloss-

250 2521 379 2545 mann.
407 2511 434 2544 1.
461 2511 487 2545 1.
512 2512 545 2555 §.
561 2514 597 2547 2.
755 2554 757 2556 Ι
1418 2516 1421 2518 ’

182 2570 220 2615 ³)
246 2568 302 2605 cf.
327 2569 482 2605 Walch.
510 2569 556 2604 ad
581 2569 623 2605 h:
645 2571 672 2604 1.
705 2569 861 2618 ejusque
895 2571 942 2606 ad
967 2570 1098 2619 Agl-ic.
1122 2573 1394 2619 Prolegomena
1419 2583 1458 2618 p.

249 2633 330 2666 100.
377 2628 554 2664 Tacitum
578 2628 653 2665 hoc
677 2627 778 2665 libro
803 2629 907 2666 edito
932 2630 1010 2677 jam
1036 2630 1272 2679 designatum
1291 2630 1457 2677 impera—

249 2693 371 2739 torem
402 2686 611 2734 Traianum
643 2690 882 2725 consalutare
907 2690 1018 2738 quasi
1042 2689 1234 2734 voluisse,
1269 2695 1312 2725 ut
1343 2690 1458 2725 Wal-

249 2745 360 2784 chius
385 2759 425 2795 p.
440 2746 509 2786 124
534 2748 724 2797 opinatur,
749 2748 822 2786 vix
849 2748 1036 2799 estquod
1066 2749 1208 2786 credas.
