1702 2982
235 231 383 267 XLVIII
438 227 450 240 ‘

715 215 1111 287 Prelegomena

355 339 401 393 b)
430 336 750 400 significa-tionis
781 334 1051 400 Potissimum
1079 339 1245 384 ratione
1272 337 1449 384 habita:

237 412 467 458 adductus
487 409 516 454 i.
538 425 580 470 q.
599 408 777 470 rigiduS‚
808 425 876 460 se-

295 498 419 527 verus
709 536 713 542 Ι

236 553 388 598 adbuc
417 558 650 613 comparat.
680 546 877 592 additum

237 625 490 668 advocatus
521 621 548 666 i.
572 637 614 682 q.
634 629 839 683 patronus

237 695 442 755 alioquin
460 694 487 738 i.
510 709 550 755 q.
569 691 614 736 in
634 689 877 734 universum

238 763 529 824 antiquarius
545 762 574 807 i.
589 779 630 824 q.
644 760 776 822 antiq.
790 767 878 802 stu·-

297 835 441 879 diosus

238 912 407 951 auctor
435 905 463 949 i.
487 918 527 965 q.
550 903 731 964 scriptor

238 977 368 1021 circa
396 975 425 1019 i.
449 991 488 1036 q.
511 974 568 1030 in,
592 974 707 1036 quod
729 971 878 1016 attinet

237 1046 468 1092 circumire
495 1049 768 1109 περίφρασιν
807 1060 876 1088 ex-

294 1135 420 1180 prim.

237 1189 483 1233 clementer
507 1187 559 1232 de
590 1185 769 1232 collibus

237 1259 440 1314 codicilli
466 1258 518 1302 de
549 1257 753 1319 petitione

238 1329 556 1389 compendium
575 1328 602 1373 i.
620 1345 661 1390 q.
678 1328 747 1371 via
763 1342 876 1371 com-

294 1399 517 1462 pendiaria

236 1465 498 1530 competere
522 1469 553 1514 i.
575 1485 616 1530 q.
638 1466 877 1514 consentire

235 1541 445 1602 confusio
479 1541 532 1586 de
563 1539 805 1584 hominibus

235 1628 490 1672 congruens
512 1611 540 1655 i.
560 1628 600 1673 q.
622 1608 876 1655 conveniens

233 1682 469 1727 conventio
504 1682 555 1726 de
585 1690 712 1744 pacto

232 1755 350 1798 dare
378 1751 515 1797 absol.
544 1767 625 1814 pro
665 1786 693 1808 „
707 1760 875 1796 senten-

291 1825 395 1869 tiam
425 1823 560 1868 dicere
570 1827 597 1849 ‘⁶

232 1895 461 1940 denubere
489 1895 551 1938 ita
580 1891 693 1948 nub„
724 1902 772 1937 ut
802 1892 892 1936 de-.

294 1967 421 2011 decus
464 1963 564 2008 inde
603 1963 759 2007 oriatur
795 1979 873 2006 nu-

291 2034 410 2081 benti
856 2092 859 2094 ⁴

230 2105 507 2152 desiderium
521 2104 552 2152 i.
564 2119 606 2166 q.
613 2101 875 2166 postulatum

232 2177 414 2223 devotio
469 2176 498 2220 i.
531 2191 574 2237 q.
611 2173 758 2218 mortis
797 2189 874 2235 per

292 2246 480 2293 carmina
509 2244 755 2307 imprecatio

230 2317 489 2363 distrahere
517 2316 545 2360 i.
569 2333 609 2377 q.
629 2314 813 2360 vendere

230 2388 470 2433 districtus
500 2385 528 2430 i.
551 2403 591 2448 q.
615 2401 786 2431 severus

230 2459 404 2502 durare
433 2457 461 2501 i.
484 2473 526 2518 q.
546 2472 814 2519 perseverare

232 2532 419 2591 ejurare
448 2527 477 2571 i.
498 2526 734 2588 relinquere

230 2598 349 2644 eniti
374 2598 463 2644 sine
485 2614 588 2642 casu
606 2598 635 2642 i.
658 2614 701 2659 q.
720 2612 870 2659 parere

229 2669 492 2715 coalescere
519 2667 549 2713 i.
571 2685 613 2730 q.
634 2684 820 2713 crescere

230 2740 451 2785 excedere
458 2738 548 2785 sine
561 2754 662 2785 casu
671 2739 867 2800 i.q.egre-

1007 411 1060 454 di
1083 410 1346 455 relationem
1375 419 1417 458 et
1446 408 1569 454 mori

948 488 1199 527 extraneus
1242 480 1315 542 qui
1359 481 1416 526 ad
1450 473 1588 525 famil.

1008 553 1263 614 domumque
1290 558 1389 596 non'
1405 550 1589 614 pertinet

932 623 1116 686 sabula
1144 622 1172 667 i.
1197 638 1239 684 q.
1259 620 1544 668 confabulatio

932 695 1158 756 famosus
1187 695 1217 738 i.
1239 710 1281 755 q.
1302 690 1510 757 εὔφημος

934 765 1279 827 formidolosus
1309 763 1449 809 activa
1480 761 1588 824 sign.

934 836 1160 898 frequens
1190 835 1219 880 i.
1242 851 1283 897 q.
1303 834 1485 893 usitatus
1494 831 1501 862 ἶ

946 907 1130 969 gentilis
1163 906 1216 951 de
1246 904 1491 951 nationibus

949 980 1109 1036 histrio
1140 978 1168 1023 i.
1192 995 1232 1040 q.
1251 975 1540 1041 pantomimus

949 1050 1279 1112 ignominiosus
1316 1049 1369 1094 de
1407 1045 1606 1092 homini-,

1008 1122 1088 1166 bus

949 1193 1181 1252 implexus
1212 1189 1361 1235 transl.
1392 1189 1504 1251 sign.

949 1263 1188 1308 inauditus
1220 1262 1329 1322 sign.
1359 1258 1550 1322 judiciali

948 1335 1146 1394 incipere
1176 1334 1228 1378 de
1257 1331 1426 1394 imperii
1454 1323 1586 1376 initio·

948 1405 1222 1451 indiscretus
1255 1403 1328 1465 qui
1347 1401 1474 1451 avelli
1502 1418 1591 1446 non

1007 1485 1151 1538 potest
1204 1518 1208 1524 f

949 1546 1142 1610 inferius
1175 1545 1228 1590 de
1260 1543 1465 1606 dignitate

947 1618 1176 1679 ingenium
1205 1614 1378 1671 (ξίηῖαῐῐ,
1408 1615 1543 1662 ssauue

947 1689 1220 1752 injucundus
1251 1687 1304 1731 de
1335 1700 1532 1730 sermone

948 1760 1214 1819 intercipere
1242 1757 1270 1802 i.
1294 1772 1336 1818 q.
1356 1754 1589 1818 interficere

938 1829 1202 1895 jurisdictio
1249 1828 1301 1873 de
1345 1826 1443 1887 ipso
1487 1841 1587 1872 con—

1007 1910 1136 1947 ventu

949 1973 1137 2017 libertus
1168 1969 1196 2015 i.
1217 1985 1257 2031 q.
1277 1967 1499 2012 libertinus
1564 1982 1565 1985 ¹

946 2034 1218 2101 maleficium
1237 2039 1288 2084 de
1304 2038 1587 2084 incantamen-

1005 2112 1059 2157 tis

945 2190 1128 2228 meatus
1159 2181 1210 2226 de
1241 2198 1377 2244 aquae
1408 2190 1546 2226 tractu

945 2254 1230 2299 medicamen
1261 2254 1313 2298 de
1344 2267 1508 2298 veneno
1590 2254 1593 2259 ’

945 2325 1187 2370 obtendere
1205 2324 1235 2368 i.
1254 2340 1295 2386 q.
1312 2314 1586 2386 praetendere

943 2396 1214 2441 obumbrare
1244 2396 1395 2440 transl.
1427 2395 1536 2456 sign.

946 2467 1104 2512 obvius
1134 2466 1162 2510 i.
1185 2484 1226 2530 q.
1257 2462 1588 2534 promptus,'faa

1004 2537 1095 2582 cilis

945 2597 1127 2656 operire
1155 2596 1191 2646 i..
1206 2612 1249 2658 q.
1269 2596 1405 2642 celare

944 2666 1098 2727 opinio
1130 2666 1269 2728 simpl.
1291 2667 1344 2713 de
1363 2666 1511 2712 favore

935 2737 1121 2798 pagani
1133 2737 1162 2783 i.
1184 2753 1228 2799 q.
1248 2735 1580 2797 cives‚.Quirites

1489 2822 1580 2866 Pa·
