1702 2982
577 99 747 182 Nimisss
779 133 995 186 Nobilitas
1203 206 1213 215 ἱ
1366 154 1452 198 319
1488 134 1491 139 ⁴

1344 195 1364 215 ἱ

105 247 248 278 rentur.
278 243 420 280 scilicet
450 246 513 282 illo
543 248 791 301 ignevocem
823 255 956 301 populi
987 259 1147 295 Romani
1177 267 1212 297 et
1242 261 1452 302 libertatem

36 330 40 338 ,
104 307 259 336 senatus
282 309 317 338 et
352 306 618 345 conscientiam
647 312 794 356 generis
827 312 988 357 humani
1018 315 1163 353 aboleri
1197 320 1450 360 arbitraban-

102 362 176 395 tur.
225 361 311 396 Non
342 359 516 408 ironiam,
544 365 610 400 sed
644 366 765 403 alium
804 370 1001 418 scriptoris
1045 374 1221 414 affectum
1264 381 1449 428 exprimit

37 440 41 442 -
99 417 251 467 Ann22,
269 423 316 457 30
340 421 430 467 quia
452 429 574 458 vetere
596 432 750 461 senatus
774 431 940 465 consulto
966 436 1130 480 quaestio
1161 437 1201 471 in
1236 445 1351 484 caput
1377 440 1446 476 do-

98 476 192 511 mini
215 476 501 525 prohibebatur,
536 482 702 518 callidus
745 491 779 520 et
811 489 902 523 novi
936 489 1034 533 juris
1075 501 1240 541 repertor
1276 497 1444 534 Tiberius

96 536 313 582 mancipari
334 538 504 586 singulos
528 543 649 576 actori
672 543 819 590 publico
840 546 957 595 jubet,
978 552 1120 587 scilicet
1150 555 1225 599 (bet
1239 554 1443 604 ῢώῐαιιεὶ)

94 588 137 626 u‘t
166 593 207 629 in
229 593 407 632 Libonem
444 609 497 633 ex
531 601 651 635 servis
688 603 794 639 salvo
829 613 985 642 senatus
1022 612 1187 646 consulto
1224 621 1442 660 quaeretur,-

91 653 128 693 3,
143 650 190 688 65
206 655 415 690 *memoriae
437 656 611 702 proditur
639 659 839 709 Tiberium,
865 668 1032 712 quotiens
1058 671 1165 705 curia
1190 670 1437 720 egrederetur,

94 709 251 746 Graecis
275 712 397 749 verbis
420 716 461 751 in
485 717 589 753 hunc
612 719 766 756 modum
792 723 912 771 eloqui
945 726 1109 772 solitum,
1145 742 1164 765 o
1189 730 1358 768 homines
1384 735 1439 771 ad

87 769 280 804 servitium
301 778 480 818 paratos5
512 777 656 812 scilicet
687 779 745 823 (so
771 780 857 821 mest
883 790 959 822 mat·
985 790 1024 824 eff
1046 787 1289 836 gefommenl)
1322 793 1439 829 etiam

86 824 210 872 illum,
237 830 301 875 qui
325 829 534 876 libertatem
557 835 752 882 publicam
777 841 901 886 nollet,
934 849 1014 879 tam
1046 846 1236 893 projectae
1268 853 1436 887 servien-

86 883 180 919 tium
202 887 406 940 patientiae
430 891 626 938 taedebat;
651 895 780 945 Agric'.
805 896 830 936 4
854 904 1036 937 memoria
1066 910 1169 941 teneo
1197 908 1348 945 solitum
1372 913 1434 959 ip-

82 951 169 978 sum
192 944 366 990 narrar&
382 942 429 983 *se
450 951 491 985 in
513 954 642 999 prima
660 955 818 998 juventa
842 959 1010 996 studium
1032 963 1296 1015 philosophiae
1328 972 1432 1006 acri-

81 1011 127 1035 us
149 1021 198 1028 —-
220 1002 401 1052 hausisse,
426 1009 467 1043 ni
490 1029 538 1036 —-
562 1016 793 1050 coercuisset.
820 1017 963 1053 scilicet
995 1019 1235 1070 (natfifflcffl)
1268 1027 1431 1066 sublime

80 1065 116 1093 et
138 1067 300 1097 erectum
323 1064 515 1112 ingenium
539 1071 859 1116 pulchritudinem
879 1084 934 1112 uc
951 1082 1110 1126 speciem
1131 1085 1305 1121 eaecelsae
1316 1099 1430 1137 ηεαδ-

78 1128 224 1166 noeque
234 1120 390 1168 gloriae
412 1125 662 1165 vehementius
686 1145 802 1179 quam
834 1143 944 1171 caute
976 1138 1190 1186 adpetebat.

171 1171 342 1215 NIMIUS
377 1193 399 1216 a
437 1184 571 1221 Tacito
605 1190 756 1237 saepius
791 1206 908 1242 qnam
940 1194 987 1231 ab
1019 1196 1103 1234 aliis
1129 1199 1175 1235 de
1199 1200 1425 1243 hominibus

12 1228 15 1231 ”
74 1243 289 1284 usurpatur,
303 1240 474 1285 modum,
490 1245 659 1283 maxime
682 1252 884 1296 potentiae,
911 1255 1184 1317 excedentibus
1207 1261 1307 1298 Hist.
1320 1269 1354 1308 3,
1375 1270 1422 1303 52

73 1295 216 1335 nimius
242 1297 327 1341 jam
358 1303 545 1337 Antonius
579 1305 702 1351 (Anu.
723 1313 757 1352 2,
780 1309 826 1347 34
864 1314 1114 1359 Urgulaniae¹
1122 1322 1294 1363 potentia
1325 1323 1421 1360 adeo

71 1355 192 1389 nimia
217 1358 359 1393 civitati
383 1367 474 1406 erat,
509 1369 550 1397 ut
575 1367 683 1410 cet.);
714 1367 846 1414 Agric.
867 1373 886 1410 7
919 1372 1012 1419 legio
1037 1393 1083 1401 —
1111 1375 1249 1423 legatis
1278 1366 1422 1428 quoque

72 1410 333 1451 consularibus
367 1420 488 1454 nimia
529 1434 579 1457 ac
604 1424 862 1469 sormi-dolosa
898 1437 978 1465 erat
988 1445 1002 1475 ;
1041 1431 1110 1479 (cf.
1139 1436 1277 1485 Vellej.
1314 1443 1350 1484 2,
1371 1445 1419 1478 32

69 1473 288 1520 Pompejum
314 1478 472 1512 nimium
492 1478 575 1520 jam
602 1482 742 1519 liberae
765 1487 992 1534 reipublicae
1000 1507 1013 1533 ;
1038 1491 1122 1528 Liv.
1146 1494 1179 1538 6,
1198 1501 1240 1535 11
1276 1499 1418 1534 nimius

18 1529 19 1533 ’
69 1532 190 1566 animi
199 1547 211 1575 ,·
235 1538 270 1577 3,
286 1535 333 1572 26
353 1535 460 1582 plebs
489 1542 700 1583 Quinctium
727 1551 761 1579 et
788 1546 933 1592 imperii
958 1551 1130 1596 nimium,
1157 1560 1192 1588 et
1214 1557 1342 1592 virum
1373 1560 1417 1594 in

67 1589 147 1636 ipso
173 1591 326 1638 imperio
350 1596 658 1636 vehementiorem
690 1609 798 1647 rata,·
832 1605 920 1641 Sall.
939 1608 1035 1646 Hist.
1053 1607 1077 1648 4
1108 1611 1242 1655 (locus
1275 1626 1298 1649 a
1315 1617 1414 1652 Dra-'

65 1646 181 1683 kenb.
207 1650 255 1685 ad
281 1651 365 1688 Liv.
381 1655 414 1698 6,
430 1661 486 1700 11,
499 1662 526 1709 13
552 1659 747 1709 laudatus)
774 1664 942 1710 inpotens
967 1674 1001 1702 et
1036 1671 1175 1705 nimius
1201 1674 1321 1708 animi
1339 1682 1407 1712 est.

63 1724 113 1733 ·--
134 1707 232 1744 Hist.
249 1706 284 1753 4,
301 1715 346 1749 23
370 1706 734 1761 praeferocesinitio
768 1729 802 1757 et
833 1722 943 1759 rebus
975 1727 1152 1763 secundis
1181 1732 1294 1766 nimii
1303 1746 1318 1774 ,·
1347 1744 1409 1782 cp.

64 1769 110 1801 80
133 1766 273 1802 nimius
298 1777 640 1813 commemorandis
665 1791 761 1826 quae
785 1785 1000 1826 meruisset,·
1027 1792 1058 1830 1,
1073 1792 1119 1825 35
1149 1791 1256 1825 nimii
1268 1791 1406 1840 verbis,

61 1822 214 1871 linguae
229 1825 394 1875 seroces,
409 1838 444 1878 3,
463 1837 508 1874 75
532 1839 713 1872 sermonis
736 1842 875 1876 nimius
899 1850 1000 1888 erat‚·
1033 1846 1223 1882 Drakenb.
1244 1838 1296 1885 ad
1319 1852 1405 1890 Liv.

59 1885 95 1928 2,
121 1886 156 1926 2,
183 1888 206 1919 2
230 1885 360 1924 laudat
385 1883 523 1928 Cic.'ad
548 1896 655 1932 Brut.
682 1898 750 1945 Ep.
767 1905 811 1937 15
844 1905 965 1937 Unum
979 1906 1290 1954 reprehendebaS,
1305 1911 1407 1958 quod

57 1941 99 1976 in
123 1938 328 1981 honoribus
352 1948 596 1988 decernendis
619 1967 735 1996 essem
759 1960 911 2007 nimius,
940 1969 974 1997 et
998 1970 1182 2012 tanquam
1201 1969 1405 2018 prodigus,-

57 2000 237 2046 Quinctil.
260 2009 315 2042 10.
354 2009 477 2046 Instit.
509 2011 610 2048 Orat.
631 2020 664 2051 1.
691 2028 727 2063 p.
747 2022 835 2065 919.ἱ
859 2019 918 2055 ed.
955 2023 1086 2059 Burm.
1119 2028 1194 2062 Hic
1234 2032 1404 2065 concita-

53 2060 137 2106 tior,
164 2062 232 2098 sed
242 2065 280 2099 in
295 2076 391 2102 cura
414 2069 616 2108 verborum
630 2075 775 2122 nimius,
802 2084 836 2112 et
853 2082 1112 2126 compositione
1130 2098 1401 2136 nonnunquam

52 2118 208 2167 longior,
236 2124 270 2158 et
294 2128 606 2167 translationibus
627 2145 760 2179 parum
791 2137 959 2174 modicus
989 2146 1026 2176 et
1064 2147 1121 2187 12,
1148 2150 1204 2186 10.
1231 2159 1275 2194 ·p.
1294 2154 1398 2186 1088.
1454 2199 1457 2202 ἱ

54 2180 163 2221 Quem
187 2187 307 2218 tamen
332 2192 366 2220 et
394 2199 543 2224 suorum
567 2191 729 2228 homines
762 2201 957 2242 temporum
992 2202 1173 2238 incessere
1205 2206 1399 2244 audebant

48 2227 90 2270 u't
113 2240 341 2277 tumidiorem
369 2251 403 2279 et
427 2249 608 2284 Asianum
631 2258 665 2286 et
690 2253 961 2292 redundantem
985 2266 1018 2294 et
1043 2262 1081 2296 in
1115 2258 1397 2310 repetitionibus

47 2295 192 2332 nimium
200 2314 213 2342 ;
236 2300 284 2335 cs.
309 2302 427 2339 etiam
451 2306 542 2343 Sall.
567 2309 653 2358 Jug.
673 2309 719 2349 84
750 2319 824 2350 tum
856 2328 945 2352 vero
973 2320 1112 2357 multus
1143 2329 1254 2371 atque
1271 2324 1396 2372 ferox

45 2352 197 2400 instare,
223 2357 356 2409 ibique
382 2364 482 2400 Cort'.

139 2414 235 2450 NISI
259 2418 339 2455 vid.
365 2421 416 2457 si.
1016 2477 1018 2481 f

138 2471 397 2514 NOBILITAS
422 2482 562 2520 rariore
586 2485 698 2535 sign„
725 2503 800 2539 qua
824 2491 979 2531 denotat
1003 2498 1233 2545 superbiam,
1259 2503 1390 2550 pervi-

5 2535 12 2542 ·
41 2525 198 2577 caciam‚
222 2543 284 2580 ap.
312 2538 432 2575 Tacit.
458 2547 583 2578 tamen
614 2547 736 2594 magis
761 2549 950 2588 virtutum
976 2557 1248 2595 conscientiam
1280 2573 1388 2597 arro-

38 2586 168 2633 gantia
204 2592 366 2638 quadam
404 2601 637 2645 permixtam
665 2606 774 2643 Ann.
797 2614 829 2652 1,
845 2614 893 2651 29
925 2616 1076 2650 Drusus
1094 2635 1142 2643 -
1163 2630 1386 2666 quamquam

37 2644 144 2682 rudis
168 2647 332 2697 dicendi,
358 2656 553 2695 nobilitate¹
571 2663 750 2711 ingenito,
776 2669 931 2706 incusat
952 2673 1098 2719 priora,
1119 2676 1259 2725 probat
1267 2690 1383 2724 prae-
