1702 2982
191 190 197 198 ³
239 213 360 247 XXVl.
611 236 614 237 ν
712 201 1103 264 Pro‘legomena
1255 228 1258 233 v
1529 241 1552 261 ,y

163 320 189 352 ·'
236 332 301 365 tur
316 328 375 376 ¹),
412 334 494 383 quo
526 319 705 381 denique
738 335 882 364 omnes
914 319 1025 365 vitae
1055 319 1261 370 humanae
1294 322 1595 378 conditiones,=‘

236 392 361 436 etiam
381 390 621 435 amicorum
652 392 957 452 conjugumque
988 403 1132 440 mutuo
1164 409 1304 437 amore
1337 408 1479 438 sacras
1511 392 1574 438 di-

234 462 389 523 judicat
419 460 570 506 altiora
598 477 812 523 promenS,
845 478 971 523 quam
1003 479 1108 524 quae
1139 481 1189 508 ex
1210 464 1381 526 antiquo
1403 462 1575 509 homine

233 543 534 594 exspectentur.
593 532 659 576 Ita
703 531 810 576 inter
849 549 996 590 omnes
1044 533 1304 594 antiquitatis
1346 533 1570 581 Romanae

234 604 447 649 dumtaxat
479 603 700 664 scriptores
730 603 919 664 proxime
951 603 1112 648 accedit
1142 604 1197 648 ad
1227 620 1319 649 eam
1354 604 1574 660 rationem,
1612 612 1618 632 ²

234 692 354 738 quae,
386 693 435 720 ex
466 673 711 718 Chistianae
743 673 824 718 fide
854 674 1087 735 praeceptis
1119 674 1264 736 petita3
1296 675 1449 720 nostris
1471 685 1574 720 tem-

231 746 404 808 poribus
437 744 628 789 adhiberi
659 744 766 789 solet
797 744 841 788 in
872 744 1078 805 ejusmodi
1113 744 1239 790 rebus
1279 745 1578 806 dijudicandi&

228 816 335 875 ‚Quo
373 818 508 875 magis
551 815 697 860 mirari
733 815 847 870 licet,
893 813 1006 860 haud
1045 831 1204 876 paucos
1242 814 1372 861 fuisse
1408 815 1509 861 inde
1550 832 1578 861 a

233 886 491 932 Tertulliani
533 901 656 941 aevo,
699 885 961 930 mendacium
1003 884 1346 947 loquacissimum
1386 884 1575 936 vocantis

231 968 442 1012 nostrum,
487 956 557 1018 qui
593 957 737 1001 odium
756 957 1032 1001 judaeorum
1075 956 1495 1019 Christianorumque
1534 966 1577 1003 et
1614 977 1616 979 ·

230 1027 341 1072 salsa
372 1028 422 1072 de
455 1027 568 1072 cultu
599 1043 650 1072 ac
687 1027 874 1071 moribus
912 1043 1057 1072 eorum
1096 1027 1304 1088 judicia2)
1346 1027 1577 1089 opprobrio

230 1109 437 1143 verterent
469 1097 636 1142 Tacitoi
689 1096 809 1143 Nihil
839 1113 941 1142 sane
972 1097 1165 1159 iniquius,
1199 1115 1293 1142 cum
1313 1099 1462 1167 eaglem
1481 1107 1599 1143 sen-'

230 1168 335 1213 tiant
373 1168 498 1213 ceteri
536 1167 623 1212 sere
662 1185 807 1213 omnes
849 1169 1039 1228 ejusdem
1078 1169 1229 1213 aetatis
1273 1169 1496 1235 scriptores
1514 1175 1575 1224 3),

229 1240 342 1284 nulla
373 1248 515 1284 tamen
543 1238 698 1284 idcirco
729 1239 888 1283 invidia
919 1239 1050 1300 petiti,
1083 1239 1195 1284 haud
1227 1239 1440 1302 aliamob
1479 1256 1574 1285 cau„

229 1327 332 1367 sam,
367 1326 492 1371 quam
524 1309 637 1370 quod
667 1310 733 1353 his
766 1309 929 1354 occasio
962 1310 1117 1364 deerat,
1160 1309 1293 1355 fusius
1325 1311 1376 1355 de
1406 1310 1472 1355 his
1508 1326 1575 1355 re-

228 1381 307 1425 bus
341 1379 588 1424 disserendi.
653 1379 823 1438 Quodsi
860 1379 1047 1436 Plinius,
1087 1381 1152 1425 vir
1189 1396 1276 1424 non
1316 1381 1452 1425 minus
1484 1395 1573 1424 mo-

229 1469 322 1496 rum
342 1450 596 1511 ‘integritate
636 1461 678 1495 ct
714 1449 936 1495 clementia
978 1458 1105 1512 quam
1143 1451 1330 1496 veritatis
1369 1451 1574 1496 acerrimo
1628 1490 1630 1492 ,

256 1619 289 1664 ¹)
315 1621 414 1653 Anu.
443 1618 498 1662 16,
528 1618 572 1656 16
597 1617 706 1653 detur·
730 1619 801 1655 hoc
825 1620 1038 1654 inlustrium
1071 1620 1240 1655 viror-um
1266 1620 1486 1666 posteritati,
1515 1625 1569 1665 ut,

320 1676 503 1725 quomodo
531 1674 708 1724 exsequiis
734 1690 758 1712 a
782 1681 998 1726 promiscua
1023 1679 1216 1724 sepultura
1240 1686 1488 1725 sepa-rantur,
1516 1681 1572 1714 ita

320 1739 362 1772 in
385 1736 587 1772 traditione
610 1749 871 1784 supremorum
897 1740 1090 1786 accipiant
1115 1737 1353 1786 habeantque
1375 1740 1573 1786 propriam

322 1808 557 1833 memoriam.

256 1882 289 1917 ἓ»
320 1879 374 1917 Cf.
400 1879 502 1914 Ann.
530 1884 586 1922 15,
613 1876 679 1923 2143
706 1878 802 1914 Hist.
829 1883 862 1924 5,
890 1884 911 1916 2
938 1891 1023 1928 sqq.

256 1964 290 2007 ³)
317 1963 443 2010 Atque
475 1960 582 1995 aliter
614 1961 684 1995 vix
716 1967 906 2007 poterant,
942 1973 1031 1997 cum
1063 1968 1101 1997 et
1132 1961 1266 1997 sudaei
1300 1968 1337 1997 et
1364 1961 1572 1998 Christiani

321 2031 470 2056 summa
494 2019 707 2065 pervicacia
740 2031 852 2054 omne
882 2027 1104 2066 respuerent
1136 2032 1223 2056 cum
1255 2020 1432 2056 Romanis
1463 2031 1573 2056 com-

320 2078 507 2114 mercium
532 2077 573 2111 in
597 2077 709 2113 rebus
734 2078 780 2112 ad
806 2080 951 2113 cultum
978 2080 1134 2114 deorum
1150 2091 1350 2127 moresque
1366 2074 1572 2116 instituen-

321 2137 389 2173 dos
414 2135 706 2183 pertinentibus.
755 2137 855 2179 Hinc
881 2138 1034 2174 Tacitus
1058 2140 1085 2173 1.
1111 2140 1136 2173 1.
1162 2138 1334 2187 utrisque
1365 2138 1573 2186 exprobrat

322 2196 484 2242 „odium
508 2198 654 2242 generis
677 2197 869 2230 humani“
894 2202 931 2231 et
955 2222 979 2240 ‚,
992 2197 1176 2232 adversus
1203 2210 1329 2232 omnes
1354 2199 1454 2233 alios
1471 2198 1571 2234 hos-

323 2254 586 2290 tilevodiumf‘
634 2257 764 2303 Neque
796 2261 852 2290 est
886 2255 990 2303 quod
1022 2256 1119 2292 vitio
1152 2263 1274 2294 vertas
1298 2259 1471 2293 Romano
1495 2257 1571 2293 ho·-

321 2313 420 2349 mini
460 2324 549 2347 cum
597 2313 745 2350 invidia
784 2314 951 2362 quadam
1000 2315 1046 2350 de
1071 2315 1243 2355 ,Judaeis
1283 2315 1427 2352 dicenti
1465 2328 1571 2361 „nec

324 2372 532 2420 quidquam
556 2374 661 2419 prius
685 2373 905 2417 imbuuntur
928 2386 1042 2420 quam
1058 2382 1290 2410 contemnere
1308 2376 1405 2420 deo-53
1424 2364 1571 2412 exuere

320 2433 501 2479 patriam,
530 2439 716 2478 parenieS,
746 2432 889 2478 liberos,
903 2431 1052 2478 fratres
1076 2436 1166 2470 vilia
1183 2434 1376 2469 habere?“
1424 2434 1589 2470 Similia·

321 2491 420 2537 Plip.
446 2490 485 2524 h.
511 2496 586 2524 nat.
615 2496 670 2534 13,
696 2496 720 2532 9
743 2493 869 2537 „gens
895 2494 1119 2527 contumelia
1143 2495 1341 2528 numinum
1359 2493 1569 2541 insignis;“

324 2548 485 2594 Quintil.
510 2554 544 2593 3⁴,
573 2552 605 2592 7,
633 2554 676 2586 21
704 2550 750 2585 de
775 2550 897 2586 Moise
923 2555 1102 2598 „primus
1126 2554 1311 2588 Judaicae
1341 2554 1569 2599 superstitio-

321 2609 382 2644 nis
395 2608 591 2651 *auctor-,M
617 2608 692 2644 Cic.
717 2608 832 2644 etiam
857 2622 926 2657 pro
942 2612 1074 2647 Flacco
1091 2618 1136 2649 28
1161 2615 1342 2656 „istorum
1359 2613 1487 2659 religio
1502 2624 1569 2646 sa-
1607 2601 1613 2614 ⁹

324 2678 475 2702 crorum
501 2679 526 2701 a
549 2668 747 2713 splendore
770 2668 883 2711 hujus
910 2671 1067 2715 imperii,
1093 2674 1280 2719 gravitate
1304 2672 1466 2708 nominis·
1499 2683 1568 2707 no-

327 2727 407 2769 stri,
432 2725 608 2770 majorum
631 2728 807 2763 institutis
832 2728 1069 2765 abhorrebat.
