1702 2982
246 180 332 224 418
619 176 905 224 scholasticus
936 205 991 214 --
1025 141 1227 225 Scindere

250 291 477 329 discordias.
527 289 652 327 Valde
684 297 810 328 autem
843 304 920 328 non
949 293 1033 328 vult
1065 298 1138 329 cet.
1186 293 1287 329 Suet.
1320 292 1438 342 calig.
1453 298 1499 332 15
1531 303 1600 334 nec

247 353 400 387 minore,
415 361 530 385 scena
558 351 702 386 Ostiam
727 370 775 376 —
795 350 1262 388 subvectos—Mausoleo
1290 353 1414 387 intulit
1431 343 1621 400 (pompn

250 408 429 453 scenica).
459 405 545 443 Alia
568 408 753 457 quaedam
777 420 799 445 e
821 411 970 445 Petron.
995 416 1034 446 et
1058 410 1224 458 Apulejo
1249 410 1450 459 desumpta
1473 422 1514 448 v.
1541 421 1603 459 ap.

250 467 408 503 Forcell.
1496 513 1502 515 Π

347 524 716 562 SCHOLA'STICUS
749 524 854 573 (arg.
886 532 960 561 aet.
993 526 1092 570 vox)
1126 525 1174 561 ad
1211 526 1490 576 eloquentiam,
1525 537 1605 562 non

251 589 431 627 veterem,
467 582 534 619 sed
566 582 850 624 declamatorias
883 589 980 619 artes
1010 583 1210 630 pertinens
1243 584 1340 620 nial.
1356 583 1402 623 14
1433 584 1606 621 nondum

253 655 274 678 e
297 642 535 677 scholasticis
559 642 822 676 controversiis
848 643 1008 685 recessit,
1034 648 1068 676 et
1093 644 1209 678 otium
1237 654 1350 678 suum
1372 644 1521 687 mavult
1537 655 1628 679 no-.

254 712 388 736 vorum
422 699 612 734 rhetorum
652 710 755 733 more
790 711 905 746 quam
946 707 1114 735 veterum
1146 704 1338 736 oratorum
1370 711 1607 746 consumere,-

253 769 317 805 cp.
337 760 381 794 15
410 756 540 801 Grajis
565 756 764 800 accidisse,
798 763 841 792 ut
874 758 1024 804 longius
1045 757 1157 794 »absit
1187 759 1374 795 Aeschine
1403 766 1439 796 et
1469 763 1608 796 Demo-‚

256 817 386 852 sthene
416 814 603 851 Sacerdos
628 817 706 850 'iste
735 817 904 859 Nicetes,
944 823 979 854 et
1013 818 1045 852 si
1080 818 1163 864 quis
1195 818 1295 852 alius
1327 817 1518 864 Ephesum
1548 817 1610 853 vel

240 875 480 922 'Mytilenas,
507 880 702 909 contentus
726 874 1038 923 scholasticorum
1065 875 1307 922 clamoribus,
1335 877 1466 923 quatit,
1494 881 1611 923 quam
1636 882 1638 884 ’

257 933 355 979 Afer
381 940 448 969 aut
472 932 684 979 „affricanus
709 939 776 967 aut
799 944 866 968 vos
891 934 964 979 ipsi
988 946 1013 967 a
1040 935 1212 969 Cicerone
1236 940 1304 969 aut
1326 935 1461 970 Asinio
1486 930 1610 971 reces-

258 993 362 1028 sistis
372 1008 384 1036 ‚·
425 991 549 1039 cp.26
589 997 722 1038 quotus
761 992 864 1025 enim
895 993 1050 1038 quisque
1084 993 1397 1029 scholasticorum
1426 990 1612 1029 no'n‘hac

258 1063 328 1085 sua
356 1051 603 1097 persuasione
641 1048 804 1092 fruitur,
845 1056 886 1084 ut
918 1061 958 1084 se
988 1061 1070 1099 non·
1095 1051 1247 1098 quidem
1279 1058 1368 1087 ante
1401 1053 1612 1095 Ciceronem

259 1114 442 1157 numeret,
474 1107 542 1143 sed
568 1107 687 1154 plane
710 1114 794 1154 post
821 1106 1103 1150 Gabinianum5
1133 1120 1194 1157 cp.
1209 1115 1256 1148 35
1280 1114 1332 1146 At
1356 1121 1460 1146 nunc
1483 1109 1615 1146 adole-
1648 1130 1651 1137 s

259 1165 417 1202 scentuli
450 1167 571 1201 nostri
601 1166 840 1201 deducuntur
871 1168 912 1201 in
937 1178 1072 1202 scenas
1095 1168 1409 1204 scholasticorum
1435 1169 1500 1216 qui
1524 1167 1613 1203 rhe-

259 1232 356 1261 tores
380 1231 566 1264 vocantur
574 1238 588 1265 ‚-
621 1222 744 1271 cp.l42
771 1228 863 1272 Ego,
901 1227 1036 1274 inquit,
1070 1233 1105 1260 te
1128 1229 1259 1274 poetis,
1294 1228 1480 1263 Messalla
1508 1227 1615 1262 anti·-

261 1286 407 1332 quariis
433 1282 735 1319 criminabimur.
785 1288 837 1318 At
865 1296 932 1332 ego
958 1298 1025 1321 vos
1051 1285 1262 1321 rhetoribus
1295 1292 1330 1322 et
1363 1285 1614 1328 scholasticis,

260 1343 395 1390 inquit.
722 1355 724 1359 ’

356 1400 588 1437 SGIENTIA
619 1400 685 1439 bas
716 1400 891 1449 (genuae)
922 1400 1056 1448 πίσεα
1088 1411 1149 1442 um
1175 1405 1288 1443 emas
1310 1403 1416 1451 Am·
1427 1406 1464 1446 3,
1477 1401 1524 1443 69
1547 1414 1618 1437 ne-

263 1472 334 1507 que
359 1469 472 1506 posse
501 1460 714 1506 principem
744 1472 817 1494 sua
856 1460 1014 1495 scientia
1054 1468 1197 1497 cuncta
1236 1461 1454 1508 complecti;
1494 1459 1552 1504 16,
1572 1462 1616 1500 17

263 1519 392 1553 mixta
423 1518 521 1552 inter
549 1523 699 1563 patrem
727 1519 930 1565 filiumque
961 1518 1232 1563 conjurationis
1264 1520 1425 1555 scientia
1455 1517 1618 1566 fingitur

263 1576 331 1621 (cf.
357 1574 707 1621 conscientia);
743 1587 803 1622 cp.
819 1583 862 1614 18
896 1577 1001 1612 unde·
1028 1578 1175 1614 invidia
1209 1578 1383 1625 Tigellini
1408 1579 1518 1625 q'uasi
1541 1577 1616 1612 ad-

261 1646 394 1670 versus
428 1634 622 1669 aemulum
663 1639 705 1678 et¹
729 1634 888 1670 scientici
919 1637 1160 1682 voluptatum
1190 1637 1387 1683 potiorem.
1445 1635 1502 1673 cf.
1520 1635 1617 1673 nic.

264 1705 334 1740 pro
360 1693 467 1728 Sulla
492 1703 552 1739 cp.
569 1698 613 1729 13
649 1693 756 1737 cujus
786 1695 986 1729 scientiam
1020 1694 1067 1729 de
1100 1694 1278 1730 omnibus
1309 1701 1458 1732 constat
1476 1693 1616 1743 fiisse,

265 1750 345 1795 ejus
368 1752 554 1798 ignoratio
581 1750 628 1786 de
652 1752 791 1797 aliquo,
811 1754 991 1800 purgatio
1018 1752 1125 1789 debet
1151 1755 1284 1790 videri.
1350 1755 1366 1763 χ

359 1809 580 1845 SCILICET
604 1820 643 1846 v.
669 1808 711 1844 in
736 1809 978 1846 nimirum.

358 1867 593 1904 SCINDERE
620 1867 661 1913 1)
674 1867 803 1904 minus
827 1868 916 1906 usit.
941 1869 1042 1918 sign.
1067 1867 1330 1916 aperiendi
1353 1881 1485 1919 usurp.
1508 1869 1616 1906 Ann-

267 1930 300 1968 1,
315 1929 361 1962 50
372 1926 749 1972 limitem—scindit,
775 1939 854 1962 non
879 1927 1104 1974 perrumpit,
1131 1927 1235 1975 quod
1260 1926 1301 1963 fit
1325 1928 1459 1965 hostili
1470 1927 1615 1973 animo,

263 1995 391 2032 neque
414 1982 530 2018 etiam
554 1984 689 2028 caedit,
725 1984 924 2030 exscindit,
961 1986 1066 2034 quod
1091 1997 1170 2020 non
1201 1984 1329 2022 minus
1367 1993 1501 2023 contra
1532 1998 1617 2023 ora-

265 2041 381 2077 tionis
406 2053 552 2077 nexum
577 2048 773 2090 pugnaret.
808 2045 920 2078 Recte
946 2045 1062 2079 Gron.
1089 2045 1317 2090 „soladium
1343 2045 1483 2094 inquit,
1511 2045 1618 2094 quod

265 2098 474 2143 dividitur,
506 2099 678 2146 aperitur-
708 2099 777 2146 (cf.
813 2102 964 2146 Vell.2‚
981 2106 1049 2138 120
1088 2102 1256 2137 Tiberius
1280 2122 1327 2130 -
1358 2116 1471 2140 arma
1501 2103 1617 2150 infert

263 2159 386 2205 genti,
411 2169 528 2205 quam
551 2159 716 2193 arcuisse
742 2164 852 2206 pater
877 2165 913 2193 et
934 2162 1064 2206 patria
1096 2162 1258 2196 contenti
1283 2168 1414 2204 erant‚·
1442 2153 1617 2209 penetrat

265 2218 433 2262 interius,
465 2215 589 2263 aperit
612 2216 766 2261 limites,
800 2223 927 2252 vastat
958 2218 1104 2265 agros),
1139 2219 1276 2254 rimam
1311 2226 1378 2255 aut
1411 2220 1617 2255 fenestram

266 2281 334 2310 aut
357 2274 684 2322 intercapedinem
717 2281 756 2311 et
787 2274 936 2323 aliquid
962 2275 1194 2314 interlucens
1221 2276 1370 2324 accipit.
1418 2277 1482 2313 Sic
1514 2279 1618 2313 scin-

265 2333 363 2369 dunt
386 2332 524 2368 robora
549 2335 678 2368 cuneis
685 2346 699 2374 ‚-
725 2332 780 2369 sic
805 2332 944 2368 scindit
967 2346 1006 2368 se
1030 2335 1158 2380 nubes,
1190 2335 1250 2372 sic.
1269 2333 1390 2371 Orion
1412 2334 1524 2372 vadit
1547 2346 1617 2382 pet

264 2390 435 2426 maxima
462 2391 573 2427 Nerei
601 2398 731 2440 stagna
755 2394 858 2427 viam
882 2391 1080 2434 scindens‚·
1113 2394 1167 2429 sic
1192 2389 1535 2438 solum‘scinderffi·
1559 2391 1617 2429 sic

263 2449 414 2484 vallum
438 2449 611 2493 scindere
637 2450 720 2494 (sed
753 2449 809 2485 ibi
833 2455 890 2485 est
915 2461 1171 2498 perrumpere,
1207 2454 1406 2496 revellere,
1440 2458 1484 2488 ut
1509 2453 1615 2502 Caes.

266 2507 310 2541 Β.
337 2507 381 2541 G.
394 2511 429 2550 5,
444 2512 487 2545 51
520 2510 667 2544 vallum
700 2514 820 2544 manu
844 2510 1021 2553 scindere,
1054 2509 1241 2557 metaphr.
1276 2513 1512 2557 περιτέμνειν
1519 2526 1533 2553 ,-
1563 2508 1613 2545 cf.

258 2564 394 2601 ‘Moeb.
409 2565 457 2600 ad
469 2571 504 2611 3,
519 2571 541 2603 5
549 2577 561 2613 3
586 2566 669 2603 Liv.
683 2569 716 2613 7,
732 2570 777 2606 37
803 2567 1048 2614 complendas
1075 2580 1153 2604 esse
1165 2568 1314 2614 fossas,
1340 2568 1613 2604 scindendum-

265 2636 339 2670 que
360 2625 517 2669 vallum,
540 2632 575 2660 et
597 2627 637 2661 in
662 2633 791 2661 castra
816 2625 1123 2672 irrumpendum
1147 2626 1267 2670 Tacit.
1286 2627 1392 2662 Ann-
1407 2632 1440 2671 1,
1455 2627 1501 2664 65
1525 2637 1615 2662 cum

265 2681 427 2725 delectis>
443 2683 584 2720 scindit
607 2688 779 2731 agmen).
825 2685 880 2720 Ita
905 2695 994 2733 ergo
1019 2690 1061 2720 et
1080 2685 1179 2724 silva
1209 2684 1412 2731 scinditur,
1449 2695 1540 2721 cum
1573 2684 1615 2720 in
