1702 2982
463 130 467 139 v

463 143 471 159 X

391 166 404 182 Χ

266 214 382 248 XVIII
751 200 1135 262 Prolegomena

306 282 315 302 Ι

388 319 576 365 Tantum
606 319 759 381 ubique
791 299 1038 364 auctoritate
1070 318 1201 363 valuit
1224 317 1416 372 Tacitus,
1448 327 1493 361 ut
1522 333 1615 362 cum

272 393 330 439 ad
373 377 514 454 ipsos
540 390 815 452 imperatores
858 406 1126 451 summosque
1168 389 1436 450 magistratus
1481 387 1617 433 aditus

272 464 311 509 ei
341 472 524 525 pateret,
564 472 655 513 tum
686 475 774 504 non
805 471 991 504 actorum
1023 460 1160 504 solum
1191 470 1357 505 senatus
1390 458 1618 521 populique

275 535 351 580 sed
391 531 788 579 commentariorum
830 531 956 575 etiam
998 530 1234 593 principum
1263 528 1621 592 inspiciendorum

272 604 406 650 libera
445 603 482 648 ei
519 613 630 648 esset
667 612 873 664 potestas,
937 601 1097 645 Eorum
1128 617 1234 662 quae
1265 599 1491 646 memoriae
1522 616 1620 662 pro-

273 675 380 720 didit
409 673 572 718 multa
561 690 649 734 ipse
671 672 775 717 vidit
789 679 850 727 Σ),
882 671 1015 716 multa
1045 688 1121 732 per
1151 687 1239 726 eOS,
1272 671 1342 732 qui
1370 671 1495 716 rebus
1525 687 1621 732 ges-

274 746 327 791 tis
367 743 658 799 interfuerant,
699 742 916 803 comperit.
978 742 1103 801 Quae
1145 727 1213 786 ad
1238 741 1524 797 Britanniam,
1566 740 1624 786 ad

277 815 572 870 Germaniam,
617 814 671 858 ad
711 830 776 858 res
816 812 1005 858 Orientis
1044 812 1315 874 pertinebant
1351 828 1497 856 eorum
1527 828 1623 872 gra-

277 887 475 932 vissimos
508 895 698 929 auctores
731 894 939 944 testesque
971 883 1115 928 hahuit
1145 882 1413 944 Agricolam,
1435 882 1626 932 Plinium
1678 921 1680 925 χ

277 958 496 1018 majorem,
518 954 775 1015 Verginium
795 953 973 1010 Rufum,
1003 952 1045 996 T
1047 955 1253 1014 rajanum,
1283 953 1495 1000 Licinium
1523 953 1624 999 Mu-

279 1028 456 1083 cianum,
487 1025 820 1087 Vespasianum,
854 1025 1015 1080 Titum,
1047 1023 1169 1069 alios.

395 1098 464 1142 De
497 1096 674 1157 scriptis,
707 1112 789 1158 quo
820 1112 915 1140 usus
945 1106 1021 1151 est,
1052 1095 1333 1140 monumentis
1353 1095 1445 1157 ipse
1465 1094 1627 1158 passim

278 1170 337 1214 ita
374 1160 579 1230 loquitur,
622 1177 667 1210 ut
704 1167 862 1211 nemini
902 1167 952 1211 de
991 1167 1073 1210 fide
1106 1183 1155 1210 ac
1186 1165 1403 1226 diligentia
1432 1167 1522 1226 ejus
1554 1165 1648 1210 du·-v

279 1239 394 1284 bium
423 1239 693 1300 relinquatur.
753 1236 798 1283 Si
830 1237 931 1298 quid
952 1237 989 1282 ei
1008 1237 1217 1281 incertum
1238 1248 1362 1298 atque
1386 1236 1650 1297 ambiguum*

281 1309 456 1365 videtur,
488 1308 664 1354 candide
685 1308 727 1352 id
749 1307 936 1368 profiteri
956 1323 1172 1368 nunquam
1192 1308 1347 1352 omittit
1374 1306 1458 1364 (cf.
1481 1306 1628 1359 Germ.

283 1389 324 1424 2.
347 1391 387 1424 3.
410 1380 516 1438 33);
547 1378 617 1422 ubi
638 1395 781 1421 rumor
800 1377 948 1439 populi
973 1393 1022 1421 ac
1053 1377 1170 1422 fama
1202 1378 1424 1423 discedunt
1445 1393 1471 1422 a
1490 1394 1630 1422 rerum

282 1449 579 1511 scriptoribus,
619 1465 644 1492 a
675 1449 782 1493 veris
814 1447 926 1491 falsa
957 1449 1178 1509 sejungere
1209 1449 1347 1503 studet
1378 1465 1505 1512 quam
1535 1447 1629 1493 dili-

281 1520 525 1581 gentissime
558 1519 634 1573 (cf.
666 1519 777 1563 Ann.
802 1529 846 1573 3,
882 1519 979 1572 16),
1020 1519 1192 1563 omnino
1233 1530 1374 1564 autem
1415 1529 1631 1582 comperta

282 1609 332 1636 ex
364 1590 457 1635 aliis
489 1590 642 1651 judicii
673 1607 768 1640 eum
806 1589 995 1633 acumine
1027 1589 1264 1650 ingeniique
1296 1593 1379 1651 quo
1410 1590 1539 1635 valuit
1569 1589 1630 1634 al-

283 1660 458 1705 titudine
479 1671 520 1704 et
540 1671 784 1721 penetrasse
817 1671 857 1704 et
887 1661 932 1704 in
965 1676 1084 1703 suum
1117 1676 1306 1721 quaeque
1328 1660 1468 1705 locum
1491 1660 1653 1721 diges-,

285 1731 390 1776 sisse
423 1730 514 1792 quis
547 1741 611 1774 est
641 1731 713 1792 qui
743 1730 934 1775 dubitet?

400 1801 659 1862 Saepissime
699 1817 786 1844 non
824 1800 1007 1845 indicato
1046 1801 1436 1846 auctoris‘nomine
1465 1801 1510 1846 in
1540 1801 1631 1846 uni-

286 1888 450 1916 versum
472 1874 667 1933 cujusque
697 1871 898 1933 temporis
930 1882 1200 1916 monumenta
1224 1872 1376 1935 adfert.
1429 1871 1495 1916 Cf.
1518 1872 1629 1916 Ann.

380 2012 620 2049 indicaverit.
669 2012 808 2048 Zittav.
834 2015 923 2051 1827
956 2014 1111 2058 Rupert.
1144 2014 1315 2048 Prooem.
1350 2013 1398 2048 ad
1422 2013 1565 2049 Annal.
1588 2005 1648 2062 ps

382 2077 426 2109 18
443 2083 525 2119 sqq.
546 2078 583 2106 et
603 2070 746 2117 Barbyi
766 2076 1053 2118 ceterorumque
1073 2071 1119 2106 de
1141 2070 1342 2106 Germania
1354 2071 1478 2108 Taciti
1489 2072 1632 2121 scripta
1684 2075 1686 2077 ’

381 2141 497 2177 supra
525 2130 690 2164 laudata.

318 2189 350 2234 ¹)
377 2191 422 2224 In
447 2188 645 2225 Britannia
670 2189 798 2235 ipsum
823 2201 902 2224 non
927 2188 1043 2224 fuisse
1068 2188 1142 2234 jam
1171 2200 1286 2236 supra
1319 2189 1530 2237 attigimus3
1562 2204 1632 2229 ne-

382 2259 456 2295 que
481 2247 594 2282 etiam
622 2247 862 2282 Germaniam
888 2260 975 2282 eum
1001 2248 1144 2283 vidisse
1170 2247 1325 2294 probari
1356 2255 1491 2296 potest.
1537 2252 1634 2288 Vel-

382 2305 508 2340 ledam
533 2307 678 2350 (Germ.
697 2309 741 2351 8)
767 2305 919 2341 videtur
942 2309 1081 2341 Romae
1106 2306 1261 2353 vidisse,
1286 2307 1364 2343 nisi
1383 2308 1479 2344 illud
1504 2309 1632 2346 vidi-

382 2375 485 2399 mus
514 2365 711 2400 Velledam
741 2364 788 2399 ad
814 2375 945 2400 omnes
970 2358 1098 2412 potius
1122 2368 1312 2402 Romanos
1335 2361 1473 2404 'referre
1496 2369 1632 2406 mavis.

383 2423 488 2468 Quae
513 2422 656 2468 Barbyi
681 2429 736 2458 est
760 2423 902 2469 opinio,
929 2423 1104 2459 Tacitum
1128 2437 1228 2469 eum,
1256 2424 1365 2471 cujus
1388 2426 1534 2464 Plinius
1548 2439 1631 2463 ma-

382 2479 442 2527 jor
470 2482 706 2521 mentionem
737 2480 869 2525 saciat,
901 2482 1020 2518 nostri
1052 2483 1204 2519 fratrem
1237 2484 1356 2520 fuisse
1387 2493 1501 2535 atque
1525 2489 1630 2523 hunc

381 2538 509 2585 ipsum
537 2551 626 2575 cum
650 2539 718 2575 illo
743 2540 845 2587 apud
873 2547 1018 2587 patrem
1044 2542 1247 2591 Beligicae·
1264 2543 1483 2590 provinciae
1510 2545 1630 2581 ratio-

381 2609 449 2633 nes
482 2605 748 2644 procurantem
781 2599 919 2645 egisse,
955 2599 996 2634 in
1025 2600 1124 2636 hanc
1156 2602 1313 2651 quidem
1335 2614 1418 2638 rem
1441 2614 1521 2638 non
1543 2614 1630 2639 ma-

382 2655 461 2703 gni,
490 2659 553 2692 vel
576 2657 720 2693 nullius
749 2658 877 2704 potius
901 2665 957 2694 est
979 2660 1177 2705 momenti,
1203 2672 1292 2697 cum
1313 2673 1358 2699 eo
1375 2667 1544 2710 tempore
1566 2661 1629 2699 in·-

384 2713 470 2751 fans
493 2715 627 2755 suisset
651 2716 817 2753 Tacitus.
867 2719 918 2755 V.
943 2729 1070 2766 supra.
