1702 2982
229 201 314 265 484
551 163 559 178 ’
617 197 920 245 Velamentum
951 225 1007 234 —--
1037 199 1200 246 Venire

228 317 342 351 Tusa.
365 319 399 358 1,
420 315 484 359 9);
522 311 608 350 Liv.
631 317 692 357 28,
714 317 761 350 22
793 315 834 350 in
866 312 1022 360 ferrum
1061 313 1219 350 vecordi
1258 295 1428 351 audacia
1461 303 1587 366 ruere,-

230 371 289 417 40,
305 379 327 410 8
361 372 545 408 deterrere
574 382 600 406 a
628 371 780 409 vecordi
814 372 997 408 audacia.
1046 371 1102 409 cf.
1139 383 1200 420 ap.
1234 371 1456 410 Ciceronem
1477 371 1587 420 surz’-
1655 352 1675 374 *7

229 430 395 476 bundas,
410 428 600 477 furiosus,
631 430 795 475 demens,
822 443 966 474 amens,
1001 442 1176 477 vesanus,
1210 442 1340 466 excors
1365 431 1476 468 catil.
1490 437 1526 477 3,
1541 437 1585 478 ⁵3

230 500 302 537 pro
330 489 435 525 dom.
450 494 490 536 13
514 491 630 525 Tusc.
647 495 679 533 1,
695 489 736 533 63
762 488 920 524 Amicit.
935 489 994 525 26.
1044 490 1094 525 V.
1121 500 1237 536 supi-a
1262 489 1517 526 vecordia.

322 549 424 584 VEL
451 559 542 583 cum
566 549 708 595 superl.
736 545 837 591 conj.
863 558 902 582 v.
929 546 971 580 in
994 545 1170 591 adject.

322 606 680 642 VELAMENTUM
712 604 842 650 (Liv.)
876 603 973 639 Hist.
991 610 1029 647 1,
1036 605 1093 648 66
1124 594 1339 641 velamenta
1371 613 1407 642 et
1437 605 1588 652 insulas

230 663 506 711 praeferentes;
531 664 635 698 Ann.
652 669 710 706 13,
724 660 768 703 47
795 665 990 697 Hactenus
1015 665 1114 698 Nero
1137 662 1304 711 flagitiis
1329 670 1362 699 et
1387 663 1588 700 sceleribus

229 723 445 758 velamenta
476 723 683 769 quaesivit3
717 721 852 755 transl.
884 719 994 768 sign„
1014 720 1154 768 qualis
1187 733 1250 768 ap.
1280 722 1367 757 Seu.
1393 720 1591 758 invenitur

231 780 300 827 (cf.
321 780 518 825 velare).
544 779 665 827 Apud
680 784 808 826 poetas
827 774 975 814 tantixm
995 778 1134 828 legitur
1153 780 1381 816 velamen
1406 780 1533 816 Germ.
1545 781 1590 821 17

231 840 404 875 detracta
427 839 624 874 velamina
647 843 837 885 spargunt
858 838 1024 872 maculis
1047 837 1280 885 pellibusque
1304 828 1554 876 belluarum.‘'

327 897 528 934 VELARE
553 898 684 932 transl.
711 896 811 942 sign.
837 896 958 940 (Sem,
983 895 1080 931 Plin.
1105 895 1218 942 min.)
1243 897 1350 932 Ann-
1366 902 1423 942 13,
1440 899 1487 935 13
1504 900 1591 951 An,-

233 968 354 992 naeus
377 959 535 992 Serenus
560 955 801 989 simulatione
826 955 968 989 amoris
1000 954 1187 989 adversus
1221 955 1382 991 eandem
1415 955 1591 992 libertam
1614 985 1620 993 ,

229 1016 380 1063 primas
404 1014 652 1050 adolescentis
677 1011 874 1059 cupidines
893 1013 1098 1057 velaverat,
1119 1012 1418 1062 praebueratque
1435 1026 1591 1055 nomem

233 1078 293 1118 22,
307 1075 352 1112 61
381 1072 562 1109 Claudius
583 1071 776 1118 facilitate
807 1069 932 1114 solita,
969 1071 1069 1118 quod
1095 1073 1164 1107 uni
1198 1079 1446 1117 concesserat,
1478 1073 1594 1109 nullis

233 1135 465 1168 extrinsecus
500 1130 733 1174 adjumentis
768 1130 931 1168 velavit,·
965 1130 999 1172 6,
1015 1134 1063 1171 29
1098 1131 1207 1166 illum
1232 1151 1279 1160 -·
1305 1131 1462 1179 culpam
1492 1131 1593 1167 invi-

233 1190 307 1228 dia
333 1191 516 1227 velavisse
524 1204 536 1233 ,·
572 1187 627 1231 14,
642 1189 689 1227 56
717 1188 844 1223 velare
874 1187 1002 1223 odium
1023 1187 1247 1235 fallacibus
1279 1189 1487 1226 blanditiis.
1534 1189 1593 1227 cf.

235 1251 581 1287 velamentum.
731 1289 753 1298 Ἀ
1636 1256 1638 1258 ’

329 1305 658 1343 VENDITATOR
695 1299 825 1346 ἆπαξλ.
863 1303 959 1347 Hist.
975 1309 1008 1349 1,
1022 1302 1071 1347 49
1101 1305 1239 1387 famae
1281 1319 1352 1344 nec
1382 1306 1594 1342 incuriosus

237 1376 308 1403 nec
331 1365 557 1402 venditator.

330 1421 617 1461 VENERATIO
645 1420 684 1467 1)
711 1420 816 1468 vulg.
841 1431 939 1468 slgn.
961 1420 1067 1456 Ann-
1082 1426 1138 1466 15,
1154 1419 1201 1463 74
1224 1423 1499 1460 venerationem
1523 1421 1595 1459 ho...

236 1485 388 1520 minum
425 1482 576 1520 merit05
612 1478 713 1514 Hist.
742 1484 782 1522 1,
810 1483 857 1516 10
895 1480 1024 1514 Titum
1053 1477 1190 1523 filium
1227 1482 1282 1519 ad
1316 1483 1595 1518 venerationem

236 1542 451 1589 cultumque
474 1540 554 1585 ejus
578 1536 762 1585 (Galbae)
789 1540 956 1573 miserat.
1007 1539 1050 1586 2)
1074 1550 1151 1587 arg.
1184 1546 1254 1576 aet.
1288 1548 1346 1578 est
1379 1541 1406 1577 i.
1433 1554 1471 1591 q.
1495 1552 1594 1577 ma-

236 1600 404 1648 jestas,
431 1597 653 1646 dignitas
676 1595 838 1632 alicui
863 1597 1039 1634 insita:
1063 1599 1169 1632 Ann-
1187 1603 1219 1642 1,
1234 1596 1282 1637 34
1306 1611 1332 1635 a
1358 1600 1596 1636 veneratione

236 1659 405 1706 Augusti
428 1669 534 1693 orsus
555 1655 670 1699 flexit
695 1654 750 1690 ad
776 1656 955 1690 victorias
979 1657 1262 1704 triumphosque
1289 1657 1425 1700 Tiberii
1433 1673 1447 1703 ‚·
1475 1662 1530 1701 12,
1545 1655 1595 1697 42

238 1719 303 1765 qui
330 1728 414 1762 mos
438 1735 485 1742 -
509 1715 787 1751 venerationem
813 1713 978 1761 augebat
996 1714 1184 1761 jeminae-
1233 1715 1289 1753 Cf.
1314 1716 1403 1752 Sen.
1437 1716 1486 1752 ad
1518 1718 1594 1752 Po-

237 1774 320 1821 lyb.
335 1779 380 1812 21
414 1774 478 1822 qui
501 1785 658 1809 munere
682 1779 744 1807 tuo
770 1779 920 1808 tantam
945 1775 1221 1811 venerationem
1247 1782 1448 1823 receperat,
1482 1782 1524 1823 ut
1547 1783 1594 1803 “--

229 1834 402 1881 felicitas
427 1832 506 1877 ejus
530 1829 628 1878 effu„
613 1837 709 1866 aeret
733 1830 941 1875 invidiam5
973 1831 1182 1876 Justin.13,
1199 1837 1216 1869 1
1251 1833 1331 1878 ejus
1364 1836 1513 1871 virtutis
1544 1845 1594 1871 ac

237 1892 490 1929 venerationis
523 1897 630 1925 erant
664 1888 798 1936 (amici
828 1889 1082 1935 Alexandri),
1116 1897 1161 1925 ut
1187 1892 1355 1940 singulos
1387 1905 1491 1941 reges
1517 1905 1595 1941 pu-

237 1957 352 1987 tares.
1350 1963 1353 1965 -

333 2008 516 2045 VENIRE
551 2009 588 2053 1)
620 2007 648 2050 j.
676 2019 714 2055 q.
751 2007 1038 2054 provenire,
1073 2007 1358 2055 succedere,
1391 2009 1592 2046 contin-

168 2072 171 2075 “
237 2076 365 2116 gere,
401 2064 666 2113 obtingere
704 2066 773 2109 (ut
805 2078 934 2113 propr.
968 2064 1066 2112 sign.
1102 2065 1210 2114 Virg.
1241 2069 1396 2104 veniunt
1426 2066 1590 2115 arbores,
1619 2094 1625 2098 ,

237 2126 402 2173 segetes)
437 2124 541 2160 Anu.
566 2129 622 2168 12,
643 2128 690 2162 32
725 2123 766 2159 id
799 2136 870 2170 quo
901 2125 1114 2171 promptius
1139 2127 1299 2171 veniret,·
1331 2124 1389 2170 14,
1411 2130 1458 2164 52
1485 2133 1589 2174 post-
1625 2148 1627 2151 <

238 2195 355 2231 quam
381 2184 520 2219 Neroni
546 2195 657 2218 amor
690 2183 909 2218 carminum
944 2183 1102 2218 venisset
1109 2196 1124 2224 ,-
1154 2177 1273 2231 cp253
1305 2185 1440 2222 studiis
1473 2185 1588 2221 clari—

237 2242 329 2278 tudo
353 2243 469 2277 venit.
517 2241 572 2278 cf.
598 2240 677 2277 Cic.
711 2241 845 2275 Fam?
894 2239 986 2276 (lum
1019 2240 1086 2282 tibi
1120 2242 1265 2278 litterae
1288 2254 1394 2278 meae
1415 2245 1586 2288 veniant,-

237 2303 347 2338 Verr.
359 2305 395 2344 2,
412 2302 433 2340 7
460 2300 515 2346 (et
540 2298 701 2346 passim)
734 2299 836 2334 venit
868 2299 963 2334 mihi
993 2299 1202 2343 hereditas,-
1233 2301 1325 2336 Sall.
1349 2299 1472 2350 Jug.4
1502 2313 1586 2338 ma-

235 2359 301 2402 jus
326 2359 570 2395 commodum
604 2371 648 2392 ex
674 2359 745 2392 otio
770 2369 849 2391 meo
875 2356 1102 2404 reipublicae
1126 2364 1323 2394 venturum
1332 2376 1346 2403 ;
1372 2352 1467 2407 (sp-8
1491 2361 1583 2399 ultro

238 2418 299 2454 illi
324 2424 359 2453 et
380 2419 546 2466 gloriam
572 2423 604 2451 et
630 2427 785 2462 regnum
811 2415 1032 2457 venturum,-
1063 2413 1221 2459 Liv.44‚
1243 2419 1286 2457 17
1311 2424 1364 2462 ut,
1390 2419 1471 2453 utri
1493 2423 1581 2455 Mc·—

239 2475 401 2512 cedonia
442 2475 610 2518 consuli,
648 2474 782 2520 cuique
817 2477 979 2521 praetori
1017 2475 1153 2510 classis
1186 2475 1367 2519 venisset,
1404 2469 1579 2522 sciretur,-

237 2534 399 2571 Theocr.
425 2533 480 2569 ld.
495 2538 529 2577 2,
545 2533 591 2574 69
624 2529 762 2578 φράζεό
785 2546 851 2577 μευ
876 2532 943 2581 τόν
968 2531 1090 2579 ἔροιθ’,
1123 2529 1216 2569 ὅθεν
1240 2533 1352 2577 ἵκετο,
1367 2537 1495 2571 «πότνα
1516 2537 1577 2593 ἦ·

204 2627 206 2629 ,
239 2589 354 2635 Μῖνα,-
380 2591 511 2639 Eurip.
537 2591 622 2638 Iph.
648 2592 737 2625 Aul.
756 2588 848 2628 1264
875 2589 1008 2638 ''Aywv
1033 2588 1239 2640 Ἀτρείδαις
1263 2595 1324 2627 καὶ
1347 2595 1485 2629 τέκνοις
1509 2589 1575 2646 ἧφι

237 2653 359 2696 μέγας.
407 2650 450 2696 2)
482 2649 507 2685 i.
533 2661 570 2698 q.
605 2646 766 2685 redire
800 2648 896 2685 Hist.
911 2654 944 2694 2,
959 2655 1005 2687 38
1039 2662 1141 2686 nunc
1175 2651 1229 2687 ad
1259 2662 1385 2686 rerum
1414 2651 1571 2700 ordiner:

237 2709 357 2752 venio,
390 2715 588 2761 poetarum
613 2720 729 2754 more,
756 2709 914 2744 Foroell.
947 2714 1040 2745 teste
1073 2721 1095 2744 a
1119 2709 1231 2747 Livio
1257 2721 1410 2759 quoque
1433 2701 1568 2760 recedo

1546 2926 1548 2951 ι

1546 2954 1549 2982 l
