1702 2982
490 204 750 255 Evalescere
781 234 838 242 —
868 205 1081 258 Ενίηεετε
1294 204 1303 217 Χ
1394 216 1482 266 179

145 311 147 313 ’
209 312 445 359 EVADE'RE
456 332 508 368 v.
523 311 750 360 accusat.
820 343 822 346 >
1002 339 1004 341 ·
1179 331 1183 334 ’

207 379 526 419 EVALE'SCERE
566 379 594 418 i.
620 393 658 430 q.
697 386 886 430 crescere,
928 382 1060 433 ‘augeri
1099 380 1203 423 Ann.
1220 386 1275 432 14,
1292 392 1355 428 58
1385 389 1479 428 dum

94 447 252 477 manus
264 440 362 476 alia
386 443 567 489 pehneat,
601 442 725 477 multa
758 449 936 478 secutura
968 456 1066 492 quae
1097 445 1155 486 ad
1191 456 1309 496 usque
1340 446 1489 488 bellum‘

74 500 380 557 'evalescerenae
404 499 503 536 Hist.
521 506 553 552 1,
570 505 615 538 80
640 507 788 548 tempus
813 502 854 537 ἱη
878 505 1158 549 suspicionem,
1178 517 1300 541 causa
1325 508 1366 544 in
1400 510 1480 544 cri.

105 561 206 604 men,
214 540 449 606 adfectatio
475 546 608 608 quietis
637 562 679 595 in
712 562 920 597 tumultum
940 563 1209 602 evaluit.1ta
1244 565 1406 612 Quintil.
1441 574 1479 605 et

70 635 72 639 v
102 617 202 655 min.
228 617 343 662 main
333 645 343 662 ‚
370 624 506 666 poetae
531 618 573 653 h.
599 619 696 654 vo'ce
720 625 880 655 utuntur
903 632 974 668 pro
999 623 1146 667 valere,
1171 635 1296 672 posse.

130 708 137 711 .
199 673 431 714 EVEH-ERE
455 676 619 715 D1a1.13
645 679 734 714 licet
757 679 846 713 illos
881 676 1098 717 certamina
1130 689 1164 717 et
1195 682 1371 730 pericula
1402 697 1476 721 sua

72 748 75 751 ·
103 733 161 772 ad
205 724 427 777 consulatus
456 738 666 772 *evea-erint.
718 737 773 772 Ita
805 743 939 784 poetae
972 739 1157 776 maxime.
1217 741 1275 779 Of.
1311 742 1414 779 Curt.
1437 741 1475 788 4,

105 792 164 842 14,
178 799 225 834 20
253 797 458 844 imperium
488 795 543 831 ad
574 807 768 830 summum
785 795 996 849 fastigium
1029 799 1200 845 evehere,·
1225 798 1476 848 Vellei-290

104 844 214 904 ‘quem
239 866 359 902 usque
386 855 430 890 in
455 855 1115 894 tertium'consulatum—amicitia
1138 860 1323 907 principis
1342 873 1475 897 evexe-

102 920 178 950 rat.
203 934 252 941 —
275 913 303 949 i.
330 925 368 963 q.
393 925 724 961 prorumpere,
751 915 1022 962 procedere
1048 923 1106 954 est
1129 918 1235 953 evehi
1258 919 1361 955 Ann.
1378 926 1411 964 1,
1427 920 1474 958 62

101 972 206 1008 evelti
239 974 378 1020 equites
403 983 669 1020 campumque,
697 985 807 1021 quem
832 974 949 1011 hostis
983 976 1186 1021 insederat,
1222 979 1317 1026 eripi
1347 979 1473 1027 Jubet5

104 1029 223 1078 12,14
249 1024 371 1068 donec
394 1031 667 1068 Gai-·—rlzenerz
619 1027 825 1081 —longius
849 1042 1021 1071 evectum
1050 1036 1196 1085 integer
1220 1036 1361 1086 atergo
1384 1039 1474 1086 glo-

93 1089 172 1126 bus
199 1092 509 1131 circumveniret,-
534 1090 583 1126 cf.
609 1090 694 1128 Liv.
712 1089 747 1141 4,
767 1098 813 1131 33
841 1096 1024 1142 princeps
1057 1094 1277 1131 calcaribus
1309 1097 1474 1136 subditis

98 1155 249 1185 evectus
274 1170 323 1176 —
346 1151 386 1185 in
413 1149 558 1185 medios
582 1152 689 1198 ignes
722 1151 905 1198 inser-,·tuv
939 1158 998 1198 29,
1015 1151 1063 1192 34
1086 1157 1210 1201 primo
1247 1157 1400 1193 incaute
1432 1171 1473 1194 se

98 1209 292 1268 evehentes
313 1209 527 1249 Masinissa
553 1209 774 1257 excipiebat.
800 1214 914 1248 Plura
938 1213 1031 1250 vide
1056 1212 1100 1249 in
1116 1213 1196 1250 ind.
1214 1214 1409 1252 Drakenb.
1423 1236 1472 1248 -.

97 1265 126 1303 i'.
149 1279 189 1316 q.
214 1260 351 1303 exire
375 1268 478 1302 Ann.
497 1272 554 1311 12,
569 1267 617 1305 36
630 1268 755 1323 fama
781 1271 859 1315 ejus
888 1279 1018 1308 evecta
1042 1274 1190 1308 insulas
1214 1279 1248 1310 et
1272 1278 1472 1322 proximas

92 1328 314 1374 pro‘vincias
355 1333 571 1375 pervagata
605 1339 676 1375 per
699 1331 856 1366 Italiam
899 1344 1044 1379 quoque
1082 1331 1359 1369 celebr-abatur.
1381 1335 1470 1372 Cf.
1500 1332 1505 1335 ”

98 1385 178 1423 cic.
203 1387 310 1424 Brut.
325 1391 368 1423 13
402 1393 443 1421 ut
468 1387 585 1421 semel
619 1399 638 1420 e
662 1390 816 1425 Piraeeo
850 1391 1058 1437 eloquentia
1090 1398 1220 1427 evecta
1247 1399 1313 1436 est,
1342 1406 1472 1432 omnes

95 1446 317 1493 peragravit
342 1446 503 1489 insulas,
531 1452 645 1493 atque
671 1448 727 1482 ita
750 1451 1000 1497 peregrinata
1028 1456 1108 1486 tota
1137 1452 1236 1498 Asia
1251 1458 1328 1506 ¹est,
1365 1459 1406 1489 ut
1431 1466 1472 1489 se

97 1506 258 1540 externis
284 1503 428 1539 oblinci
421 1511 464 1539 ct
489 1505 671 1543 moribus.

191 1562 404 1599 EVENIRE
437 1563 484 1599 de
511 1576 695 1613 prospero
729 1575 908 1603 successu
942 1567 1051 1604 Ann.
1066 1566 1101 1613 lt,
1117 1574 1163 1607 33
1198 1577 1361 1607 cunctas
1394 1584 1470 1607 na-

95 1621 215 1656 tiones
240 1628 274 1656 et
300 1621 411 1656 urbes
431 1624 596 1669 populus
622 1631 689 1658 aut
716 1627 905 1671 primores
930 1633 998 1662 aut
1031 1629 1174 1676 singuli
1207 1636 1366 1676 regunt:
1402 1630 1492 1666 (Ie-⁸

95 1680 194 1716 lecta
220 1692 264 1714 ex
288 1681 347 1714 hi‘s
373 1687 407 1715 et
433 1684 651 1718 consociata
677 1685 771 1730 reip.
794 1683 935 1730 forma
970 1686 1128 1721 laudari
1150 1685 1318 1733 jac-ilius
1352 1703 1468 1737 quam

34 1732 37 1734 ,
96 1740 256 1785 etenire,
291 1739 352 1774 vel
381 1740 414 1773 si
446 1742 586 1785 evenit,
623 1742 733 1783 haud
771 1743 955 1778 diuturna
990 1757 1068 1780 esse
1100 1753 1234 1792 potest.
1287 1748 1343 1785 Cf.
1376 1750 1469 1786 Sall.

96 1797 174 1835 Cat.
191 1803 215 1839 9
242 1796 305 1833 ubi
332 1810 415 1844 pax
440 1806 630 1835 evenerat.
679 1802 738 1837 Ita
766 1813 830 1849 ap.
857 1803 1007 1840 Colum.
1034 1804 1139 1840 idem
1166 1813 1222 1842 est
1246 1807 1351 1856 quod
1376 1820 1469 1855 pro-

92 1859 223 1892 venire
248 1856 294 1892 de
321 1856 473 1904 plantis.
503 1859 614 1894 vid.
642 1870 723 1908 seq.

190 1917 320 1952 EVEN
325 1915 418 1950 TUS
435 1916 481 1952 de
499 1929 682 1965 prospero
701 1930 878 1956 successu
898 1918 998 1967 (vid.
1015 1921 1234 1970 evenire)
1258 1924 1362 1960 Ann
1375 1930 1409 1970 2,
1411 1927 1469 1964 '26

91 1977 186 2010 satis
211 1988 297 2020 Jam
331 1983 552 2020 eventuum,
587 1979 682 2012 satis
717 1989 903 2020 casuum,
935 1991 996 2027 cp.
1015 1983 1061 2021 77
1095 1983 1278 2019 utendum
1313 1990 1471 2028 eventu,-

91 2033 221 2083 Agric.
237 2039 285 2072 22
326 2035 475 2071 damna
508 2039 664 2072 aestatis
697 2036 866 2073 hibernis
898 2040 1091 2075 eventibus
1116 2047 1307 2088 '*·,·pensa1e
1341 2055 1402 2091 cp.
1420 2045 1467 2085 27

91 2096 257 2140 prompti
273 2101 358 2141 post
376 2101 547 2129 eventum
560 2107 609 2130 ac
624 2108 689 2131 ma
690 2098 874 2144 31111091ιῇ
889 2099 946 2133 Ita
958 2098 1055 2135 Ρ1ἰ11.
1072 2100 1183 2147 epist.
1195 2106 1228 2145 5,
1240 2107 1287 2139 20
1307 2105 1380 2151 Egi
1401 2117 1467 2152 ego

89 2162 160 2199 pro
179 2156 218 2188 V
215 2165 259 2187 ar
261 2166 340 2196 eno,
358 2167 435 2190 non
452 2157 532 2190 sine
549 2168 625 2191 evei
626 2163 694 2201 zm,
721 2156 786 2192 sed
805 2156 934 2192 addit.
961 2171 1053 2193 nam
1072 2159 1164 2195 bene
1182 2175 1235 2196 an
1254 2164 1355 2197 male
1373 2162 1469 2198 liber

89 2210 286 2248 indicabit.
316 2213 371 2250 Cf.
400 2213 478 2249 Cic.
504 2214 586 2250 Att.
600 2221 635 2261 9,
652 2218 672 2255 7
698 2214 741 2250 in
766 2215 880 2263 ¹epist.
904 2215 1016 2251 Balbi
1034 2223 1070 2253 et
1090 2219 1207 2266 Oppii
1234 2222 1350 2256 etiam
1377 2235 1467 2257 am·-

83 2271 342 2317 plissimorum
367 2286 427 2309 vir
430 2286 537 2309 orum
555 2275 715 2310 consilia
735 2287 780 2309 ex
797 2282 941 2320 eventu,
962 2288 1039 2311 non
1062 2290 1107 2311 ex
1127 2280 1333 2326 voluntate,
1349 2292 1374 2315 a
1384 2282 1468 2327 ple-

89 2330 212 2377 risque
223 2331 380 2378 proban
392 2334 523 2369 solent
555 2335 607 2370 V.
623 2345 739 2381 opin
751 2345 810 2369 10
838 2333 910 2368 Sed
926 2346 1014 2370 cum
1028 2335 1155 2371 media
1168 2337 1323 2383 sstvox,
1351 2339 1468 2375 etiam

90 2386 137 2423 de
151 2375 306 2426 adversa
320 2391 407 2428 sort.
423 2389 542 2440 accip.
558 2406 591 2429 e.
602 2404 635 2441 g.
649 2393 777 2442 Agl-ic.
787 2397 846 2434 29.
855 2394 1155 2429 -Eventum
1164 2409 1250 2444 ,.ap
1266 2397 1342 2435 Cic.
1358 2399 1466 2434 haud

89 2456 173 2482 rara
195 2459 288 2492 vox,
314 2451 452 2499 legitur
476 2452 584 2487 Ann.
599 2450 635 2496 4,
651 2458 696 2490 33
717 2453 848 2498 plures
872 2454 1035 2488 aliorum
1063 2457 1204 2489 eventis
1231 2456 1428 2492 docentur.

186 2506 484 2546 EVILESCERE
511 2510 610 2546 Hist.
624 2518 658 2555 3,
676 2517 721 2549 53
749 2511 858 2554 cujus
884 2513 1218 2550 criminationibus
1245 2517 1463 2552 eviluissent

93 2563 262 2608 pericula
286 2578 369 2602 sua.
418 2571 474 2610 Ibta
500 2571 602 2605 Suet.
629 2577 665 2606 et
689 2572 820 2606 Valer.
846 2573 953 2608 Max.

188 2621 427 2662 EVINCERE
453 2628 481 2663 i.
509 2641 547 2678 q.
575 2615 743 2673 vincere,
778 2641 886 2665 more
915 2630 1067 2677 poetico
1100 2632 1207 2667 Ann.
1223 2637 1257 2676 3,
1274 2629 1322 2669 46
1355 2634 1464 2668 evin-

95 2688 177 2713 cere
201 2680 367 2717 Aeduos.
415 2688 512 2722 Item
540 2691 681 2724 evictus
707 2687 859 2735 saepius
886 2689 1105 2735 plomiscne
1131 2698 1337 2738 usurpatur
1372 2703 1461 2726 cum

91 2738 215 2772 victus
248 2736 273 2773 i.
298 2751 331 2775 e.
364 2739 501 2778 affectu
534 2746 704 2794 quodam
736 2754 894 2795 cogente
927 2750 993 2784 vel
1028 2748 1105 2784 a1ia
1139 2760 1384 2797 quacumque
1418 2762 1458 2786 re

1082 2808 1161 2843 Μ2
