1702 2982
153 170 205 218 de
226 171 376 218 ceteris
398 168 536 216 Taciti
556 170 603 214 in
623 169 915 230 componenda
937 167 1034 216 hist.
1057 169 1289 218 virtutibus,
1321 179 1467 234 Kxxlx

114 290 294 337 Lucani
318 283 540 335 sacrario
557 288 792 348 prolatus.
796 293 823 314 “
849 286 944 333 Et
980 288 1130 335 eadem
1172 300 1341 335 constat
1371 304 1468 335 cum

84 406 89 409 c
114 360 240 419 Livii,
270 372 360 407 tum
366 358 526 424 ‘magis
558 358 686 418 etiam
717 356 861 404 Taciti
891 360 1151 422 temporibus
1184 359 1305 422 quasi
1335 358 1466 404 maxi-

114 451 228 479 mum
258 430 459 478 orationis
481 425 776 475 ornamentum
796 414 1019 482 historicos
1044 448 1212 495 quoque
1235 441 1465 492 spectasse.

46 561 49 564 Δ
114 505 201 552 Sed
229 514 273 550 ut
300 503 346 548 in
375 501 524 548 ceteris
557 501 766 558 omnibus,
800 518 906 564 quae
938 521 987 548 ex
1018 502 1113 548 aliis
1157 502 1291 548 videri
1323 502 1468 582 possit

115 575 338 630 delibasse,
379 573 568 638 perlucet
604 583 733 636 atque
777 573 931 619 emicat
973 574 1149 636 propria
1190 573 1351 634 ingenii
1387 572 1466 628 vis,

112 647 186 692 ita
199 645 246 691 in
264 640 431 709 poetico
451 645 633 698 maxime
655 644 742 690 stili
763 646 854 706 ejus
876 645 1017 691 colore
1042 644 1313 706 dijudicando
1334 643 1482 709 probe⁹

112 717 340 764 tenendum
369 726 446 772 cst,
478 717 627 779 ipsum
649 716 852 763 Tacitum
884 733 973 762 non
1004 716 1143 761 solum
1185 726 1360 778 poetam
1392 714 1470 759 sed

111 806 337 850 magnum,
377 788 609 844 excelsum,
655 787 880 850 sublimem
920 798 1092 851 poetam
1132 785 1316 831 fuisse.÷
1353 784 1470 846 Inter

114 859 409 923 Thucydidem
442 875 491 905 ac
523 859 739 915 Tacitum,
770 870 817 904 ut
847 860 900 905 de
932 859 998 904 his
1022 874 1190 921 quoque
1211 857 1358 920 paucis
1382 856 1468 901 dis-

113 949 324 988 seramuS,
360 947 564 993 magnam
593 930 848 977 intercedere
880 931 1009 978 etiam
1039 931 1084 976 in
1117 929 1285 975 dicendi
1315 944 1468 991 genere

112 1003 442 1059 similitudinem,
473 1001 597 1047 facile
629 1003 854 1066 apparebit
885 1003 1050 1065 cuique,
1093 1001 1166 1064 qui
1197 1018 1292 1059 cum
1332 1000 1468 1045 altero

111 1076 300 1121 alterum.
319 1073 556 1120 contulerit.
618 1071 772 1136 Neque
805 1075 930 1120 etiam
962 1075 1137 1135 dubium
1158 1083 1236 1129 est,
1269 1072 1341 1118 diu
1360 1070 1468 1116 mul-

112 1154 283 1210 tumque
314 1163 410 1191 eum
441 1155 655 1191 versatum
686 1163 781 1191 esse
813 1147 857 1192 in
888 1148 977 1208 ejus
1011 1143 1235 1208 ‘scriptoris
1267 1143 1468 1204 lectione,

113 1218 197 1281 qui,
229 1235 325 1263 cum
354 1214 496 1262 multis
530 1228 572 1262 et
603 1216 774 1280 optimis
808 1217 979 1280 quidem
1000 1215 1302 1261 Romanorum
1333 1214 1468 1259 histo-

79 1350 84 1358 '
110 1290 208 1336 ricis
240 1288 456 1352 exemplar
486 1288 609 1351 quasi
640 1298 765 1345 esset,
798 1289 913 1352 quod
942 1299 989 1334 ut
1014 1291 1346 1350 “assequerentur
1381 1285 1469 1331 fru—

114 1372 203 1407 stra
233 1376 409 1423 operam
440 1361 621 1416 dabant,
659 1359 770 1404 inter
804 1377 954 1408 omnes
995 1359 1187 1404 omnium
1230 1368 1471 1420 temporum

113 1433 340 1497 scriptores
372 1431 534 1478 nullum
565 1431 694 1476 habet
724 1442 812 1477 tam
844 1432 910 1477 sui
947 1431 1128 1476 similem
1169 1445 1299 1493 quam
1340 1427 1471 1473 Taci-

61 1511 68 1515 ’
110 1510 272 1562 tum¹>.
326 1502 485 1549 Tanta
521 1503 742 1565 utriusque
782 1514 846 1550 est
885 1502 1047 1565 ingenii
1076 1502 1155 1558 vis,
1188 1511 1306 1546 tanta
1336 1498 1472 1544 animi

113 1576 302 1631 altitudo,
333 1586 423 1620 tam
454 1585 554 1637 apta
584 1592 726 1620 rerum
756 1574 1039 1637 magnitudini
1068 1573 1288 1635 utriusque
1319 1570 1469 1625 oratio,

113 1657 232 1692 tanta
271 1647 451 1707 denique
491 1645 618 1690 etiam
654 1646 701 1690 in
739 1646 791 1691 iis
832 1663 939 1708 quae
977 1645 1206 1707 vituperari
1246 1643 1386 1697 solent
1413 1642 1471 1686 'ab
1504 1647 1516 1654 '⁴

113 1717 331 1780 imperitis,
362 1715 586 1778 praecipue
617 1717 663 1761 in
694 1717 866 1762 concisa
894 1712 979 1761 ista
1010 1728 1052 1761 et
1083 1715 1344 1760 subobscura
1375 1714 1471 1758 bre-

115 1790 244 1835 vitate
277 1787 528 1842 similitudo,
568 1798 614 1833 ut
655 1805 762 1850 quae
794 1788 845 1833 de
879 1787 1135 1849 Thucydide
1167 1797 1330 1832 veteres
1361 1785 1470 1847 judi-

100 1870 263 1907 carunt
291 1869 370 1923 per
400 1859 546 1904 omnia
576 1859 703 1904 etiam
733 1859 778 1904 in
801 1859 1004 1905 Tacitum
1025 1858 1221 1904 adhiberi
1243 1867 1400 1920 queant
1416 1862 1471 1909 2).

186 2131 189 2135 v
233 2076 324 2121 Iam
363 2075 570 2137 expositis
610 2090 719 2138 quae
760 2073 812 2118 de
843 2073 993 2118 'Taciti
1037 2073 1122 2118 vita
1154 2072 1403 2134 scriptisque
1434 2081 1476 2117 et

115 2150 167 2194 de
198 2145 442 2202 virtutibus5
470 2145 618 2207 quibus
659 2145 704 2189 in
735 2145 1030 2207 componenda
1061 2143 1241 2189 historia
1280 2141 1473 2198 excellat,

149 2320 183 2363 ¹)
208 2317 257 2354 V.
283 2313 468 2350 Friderici
492 2307 623 2348 Rethii
646 2312 803 2350 libellus
829 2312 1138 2362 ingeniosissime
1163 2311 1415 2358 conscriptus.

143 2378 182 2425 ²)
209 2376 265 2414 Cf.
293 2374 369 2412 Cic.
396 2373 443 2409 de
469 2371 522 2409 or.
548 2378 589 2417 2,
619 2379 662 2410 13
699 2373 940 2422 Thucydides
967 2385 1095 2408 omnes
1123 2372 1271 2408 dicendi
1296 2370 1474 2415 artificio,

182 2447 187 2449 ‘
209 2447 296 2471 mea
320 2436 522 2478 sententia,
546 2432 675 2479 facile
699 2435 809 2477 vicit,
846 2435 909 2480 qui
932 2434 987 2469 ita
1014 2432 1144 2468 creber
1169 2439 1223 2466 est
1247 2443 1372 2466 rerum
1387 2429 1478 2483 ,ἷζε-ο

211 2496 381 2544 quentia,
414 2500 455 2530 ut
487 2493 689 2529 verborum
723 2506 840 2541 prope
873 2505 1074 2528 numerum
1107 2493 1378 2528 sententiarum
1404 2502 1478 2525 nu-

205 2565 324 2593 *mero
343 2559 623 2601 consequatur.-
657 2555 712 2588 ita
735 2565 844 2599 porro
865 2541 991 2588 verbis
1017 2560 1130 2600 aptus
1162 2559 1196 2587 et
1210 2562 1398 2598 spresws,
1436 2555 1478 2583 ut

213 2614 375 2659 nescias,
399 2621 527 2649 utrum
554 2625 614 2649 res
639 2626 680 2649 or
683 2623 824 2656 anone,
853 2625 906 2648 an
929 2611 1047 2648 verba
1072 2613 1261 2668 sententiis
1286 2611 1478 2653 illustren-

214 2680 289 2708 tur.
339 2672 500 2719 Quinti!
530 2679 594 2717 10,
624 2680 668 2717 1,
698 2675 742 2713 73
775 2668 926 2708 Densus
960 2678 995 2706 et
1029 2671 1154 2707 brevio
1186 2678 1220 2706 et
1245 2681 1391 2715 semper
1417 2669 1478 2704 in·-

192 2739 321 2769 Λεἰαηε
345 2732 416 2769 sibi
444 2727 698 2782 Thucydides.
