1702 2982
247 215 332 259 442
635 211 779 257 Status
811 238 867 246 --
901 211 1207 257 strenuissmus

246 327 355 362 aliter
385 336 567 363 evasurus
591 315 910 372 peruenturusque
942 324 997 362 ad
1028 332 1243 372 susceptam
1278 327 1478 365 stationem
1513 340 1591 365 non
1658 332 1661 333 ’

237 387 371 434 fuerit,
406 384 635 433 quibusdam
659 384 903 420 oratiunculis
933 390 1088 420 testatus
1121 392 1187 420 est.
1236 384 1292 431 Cf.
1327 385 1421 422 Cic.x
1440 387 1529 423 Seu.
1544 391 1591 424 20

243 452 345 480 vetat
369 444 608 492 Pythagoras
631 443 777 487 injussu
799 444 1048 490 impemtoris,
1082 443 1125 480 id
1149 450 1202 480 est
1227 443 1298 488 dei,
1326 443 1373 481 de
1395 444 1590 492 praesidio

247 510 282 539 et
306 505 465 539 statione
487 505 586 539 vitae
612 502 802 539 decedere.

338 562 528 597 STATUS
563 571 719 608 praegn.
756 559 853 606 sign.
892 558 918 595 i.
943 571 981 607 q.
1013 559 1214 607 quietus
1249 567 1406 598 status
1442 567 1510 606 est,
1547 567 1593 598 ut

244 619 474 660 stareffhaud
499 624 582 654 raro'
613 617 887 653 firmitudinem
918 617 1233 667 securitatemque
1262 618 1454 666 designat:
1485 621 1591 656 Ann.

245 684 280 723 3,
293 684 338 716 28
363 679 567 713 multorum
594 678 706 712 excisi
731 682 873 719 status5
905 675 1004 710 Dial.
1028 681 1070 712 11
1104 688 1196 711 nam
1227 683 1371 717 statum
1401 677 1595 726 hucusque

244 749 294 772 ac
317 738 552 772 securitatem
576 736 711 771 melius
734 736 948 769 innocentia
972 741 1075 770 tueor
1109 746 1226 781 quam
1258 735 1482 782 eloquentia.
1532 736 1590 774 Cf.
1607 744 1610 745 ’

244 795 329 832 Liv.
344 793 401 838 34,
417 796 460 832 61
487 795 584 831 nihil
608 801 738 830 actum
765 806 843 829 esse
871 794 1000 829 exsilio
1014 792 1255 839 Hannibalis,
1277 794 1311 828 si
1334 793 1476 831 absens
1499 806 1596 854 quo·-

245 868 317 903 que
340 866 460 891 novas
492 855 618 890 moliri
648 865 719 899 res,
756 853 1070 900 sollicitandoque
1102 854 1252 888 animos
1285 843 1481 891 hominum
1510 861 1597 890 tur-
1660 882 1663 886 ,

245 914 338 950 bare
368 920 512 950 statum
546 914 708 948 civitatis
737 918 879 959 posset,-
919 912 1070 956 Ve11.2‚
1085 915 1106 948 2
1135 911 1390 958 promulgatis
1421 913 1594 959 agrariis

245 973 391 1021 legibus
417 973 584 1009 omniu-m
607 977 750 1005 statum
776 969 1071 1006 concutientibus
1079 985 1092 1012 ,-
1126 981 1186 1016 cp.
1202 972 1248 1010 72
1274 970 1423 1007 nullum
1447 965 1597 1007 habm-

244 1031 345 1068 tibus
366 1038 506 1067 statum
533 1029 684 1078 quilibet
709 1029 788 1064 dux
812 1035 892 1063 erat
916 1029 1086 1074 idoneus,
1115 1027 1185 1063 ubi
1209 1027 1289 1065 vid.
1306 1028 1480 1073 Ruhnk.;
1507 1029 1595 1071 Scnss

246 1090 293 1127 de
318 1089 423 1126 brev.
447 1090 554 1127 vit-3
585 1091 626 1125 in
657 1095 759 1123 statu
792 1099 858 1122 suo
892 1089 1032 1133 vultus,
1067 1088 1218 1121 animus
1249 1086 1472 1134 intrepidus.
1519 1087 1599 1123 Mi·-

246 1160 322 1185 nus
345 1154 446 1184 recte
469 1147 546 1183 huc
578 1159 667 1184 cum
696 1144 881 1182 Walchio
913 1144 1086 1182 retuleris
1115 1145 1246 1194 Agric.
1259 1149 1281 1186 7
1313 1147 1423 1186 initia
1450 1146 1599 1192 princi*

246 1214 361 1255 patus
387 1218 437 1242 ac
460 1213 601 1242 statum
626 1205 731 1241 urbis
763 1205 972 1241 Mucianus
1002 1202 1175 1251 regebat,·
1208 1210 1270 1240 est
1301 1203 1428 1251 potius
1462 1203 1599 1240 condi-

248 1265 308 1301 cio
332 1277 459 1300 rerum
486 1264 614 1313 qualis
640 1275 764 1312 usque
788 1261 836 1297 ad
861 1261 936 1297 hoc
960 1267 1111 1309 tempus
1135 1261 1269 1307 fueras,
1295 1268 1339 1298 ut
1361 1262 1534 1306 Ann.14,
1549 1266 1598 1304 39

248 1323 302 1360 ad
325 1323 577 1371 spectandum
606 1322 832 1358 Britanniae
857 1327 1001 1356 statum
1031 1322 1168 1356 missus
1201 1327 1256 1356 est
1280 1333 1324 1356 ex
1355 1320 1498 1358 libertis
1521 1325 1597 1356 Po-

251 1384 423 1432 lycletus,

344 1441 591 1477 STERNERE
631 1445 777 1487 praeter
815 1440 923 1486 vulg.
963 1437 1060 1487 sign.
1093 1436 1354 1485 metaphorice
1387 1436 1490 1473 id'em
1520 1437 1600 1474 fere

249 1502 351 1538 valet
375 1499 480 1548 quod
506 1499 673 1535 sedare
698 1496 795 1533 Hist.
811 1502 844 1540 1,
859 1503 904 1535 58
930 1499 1060 1532 stratis
1078 1496 1164 1541 jam
1190 1498 1354 1532 militum
1378 1496 1485 1532 odiis.
1535 1495 1599 1531 Si.-·

249 1557 392 1594 militer
417 1563 549 1604 poetae
572 1563 734 1591 sternere
763 1555 903 1600 undas,
936 1567 1102 1602 aequora
1137 1554 1282 1598 dicunt,
1299 1561 1353 1591 ,et
1384 1555 1479 1591 Stat.
1511 1553 1599 1591 silv.
1629 1558 1633 1568 '

250 1622 285 1661 2,
300 1622 370 1663 5,1
402 1615 502 1660 Quid
525 1614 592 1650 tibi
617 1620 810 1650 constr-ala
834 1626 1096 1650 mansuescere
1117 1614 1262 1661 profuit
1284 1615 1371 1650 ira?

343 1673 651 1709 STIMULATIO
679 1673 793 1717 (Plin.
818 1672 927 1719 maj.)
952 1672 1052 1708 nist.
1069 1679 1102 1719 1,
1116 1677 1164 1714 90
1197 1674 1351 1720 privata
1377 1673 1509 1720 cuique
1531 1672 1613 1707 sti«

249 1733 408 1769 mulatio
433 1739 466 1766 et
490 1733 565 1767 vile
585 1744 668 1773 Jam
696 1731 810 1767 decus
833 1731 1041 1779 publicum.

343 1792 590 1828 STIMULUS
617 1793 747 1827 transl.
782 1791 879 1838 sign.
910 1802 987 1839 qua
1017 1802 1079 1837 ap.
1114 1789 1193 1827 cic.
1227 1799 1395 1838 quoque,
1428 1787 1600 1834 Livium,

249 1850 346 1886 alios
380 1848 518 1896 legitur
548 1851 723 1885 stimulus
751 1851 914 1897 gloriae,
950 1849 1092 1886 doloris
1126 1854 1208 1893 cet„
1242 1846 1468 1886 insolentius
1497 1859 1601 1882 non-

249 1921 451 1958 nunquam
478 1920 501 1943 a
525 1908 659 1943 Tacito
684 1915 907 1955 usurpatur:
940 1908 1043 1943 Ann.
1060 1914 1092 1951 1,
1107 1912 1154 1944 33
1185 1904 1448 1943 novercalibus
1471 1907 1602 1942 Liviae

251 1971 294 2005 in
324 1969 580 2016 Agrippinam
613 1968 775 2002 stimulis
784 1982 796 2008 ,-
838 1971 955 2010 15,12
983 1974 1017 2002 et
1048 1972 1155 2000 erant
1191 1977 1284 2013 quos
1315 1962 1488 2012 pericula
1505 1963 1602 2010 fra-‘2

251 2035 354 2064 trum
387 2033 454 2061 aut
484 2026 780 2073 propinquorum
811 2027 973 2072 propriis
1006 2025 1169 2060 stimulis
1202 2023 1462 2067 incenderent5
1498 2022 1600 2059 Hist.

251 2092 288 2130 3,
309 2084 357 2123 45
386 2086 550 2132 propriis
580 2086 620 2119 in
651 2103 699 2109 --
731 2085 903 2130 reginam
937 2085 1100 2119 stimulis
1133 2080 1434 2126 accendebatur‚·
1472 2091 1534 2129 cp.
1552 2085 1598 2119 53
1642 2094 1653 2098 '

251 2146 331 2180 suis
355 2144 516 2179 stimulis
540 2144 676 2177 excitos
701 2143 869 2191 Illoesiae
894 2142 1020 2177 duces.

349 2200 729 2238 STRENUISSIMUS
763 2199 863 2235 Hist.
877 2197 912 2243 4,
929 2200 975 2242 69
1006 2199 1145 2235 bellum
1177 2219 1226 2226 —
1256 2199 1502 2246 strenuissimi
1531 2209 1600 2235 cu-

251 2261 386 2308 jusque
406 2260 573 2307 periculo
602 2259 702 2305 geri;
734 2257 815 2294 sine
839 2257 1003 2293 aliorum
1027 2258 1183 2293 fortasse
1217 2258 1406 2304 exemplo,
1439 2262 1477 2293 et
1505 2259 1602 2304 piis·
1655 2254 1658 2256 ’

255 2321 376 2355 simus
399 2315 588 2366 Agric.43
614 2315 661 2350 ab
687 2315 858 2351 Antonio
889 2316 1047 2364 quidem
1080 2322 1317 2362 usurpatum,
1350 2314 1417 2351 sed
1445 2314 1603 2362 vitupe-

256 2383 383 2413 ratum
409 2387 432 2411 a
459 2375 536 2411 cic.
562 2374 603 2410 in
625 2374 720 2409 Phil.
769 2376 863 2409 Item
888 2376 1083 2410 sollicitior
1114 2374 1212 2411 Hist.
1225 2372 1260 2418 4,
1275 2379 1333 2417 58,
1364 2375 1602 2421 improvisior

257 2438 361 2472 Anu.
374 2439 408 2478 2,
422 2432 469 2474 47
507 2433 733 2469 insolentius
766 2432 956 2469 dicuntur.
1003 2434 1076 2470 Sed
1114 2432 1209 2468 illud
1246 2432 1407 2481 quidem,
1437 2435 1600 2469 Plancus

257 2505 391 2540 usurp.
416 2492 458 2528 in
490 2492 568 2528 Cic.
602 2491 718 2538 Epist.
755 2490 802 2526 ad
835 2493 938 2529 Fam.
954 2498 1010 2536 10,
1027 2498 1094 2536 183
1127 2490 1451 2528 hoc·defendit11r
1482 2490 1627 2535 simili,

258 2563 355 2591 vace
378 2552 546 2595 invisior,
572 2563 648 2600 qua
673 2551 750 2588 Cic.
775 2560 929 2600 quoque
953 2551 1075 2586 utitur
1098 2550 1237 2598 (Tacit.
1254 2551 1357 2586 Ann.
1371 2548 1443 2596 6,AE
1462 2555 1499 2585 et
1517 2556 1600 2585 sae-¹

257 2610 378 2658 pius).
427 2609 526 2645 satis
549 2609 762 2658 frequentes
786 2614 876 2645 sunt
907 2620 969 2656 ap.
1003 2609 1080 2647 cic.
1112 2621 1235 2646 voces
1255 2611 1412 2654 tenuior,
1443 2609 1603 2651 tenuius,

258 2670 509 2706 tenuissimus.
557 2668 659 2706 Vide
687 2668 856 2705 Indioem
889 2669 1042 2705 Schiitz.
1076 2674 1116 2704 et
1146 2667 1243 2704 adde
1273 2670 1373 2705 Mur.
1385 2672 1425 2714 9,
1455 2666 1606 2703 iuvent.

259 2727 358 2764 rhet.
373 2728 438 2773 2,?

342 2884 368 2908 Ι
