<?xml version="1.0" encoding="UTF-8"?>
<!DOCTYPE html PUBLIC "-//W3C//DTD XHTML 1.0 Transitional//EN"
    "http://www.w3.org/TR/xhtml1/DTD/xhtml1-transitional.dtd">
<html xmlns="http://www.w3.org/1999/xhtml" xml:lang="en" lang="en">
 <head>
  <title>
</title>
<meta http-equiv="Content-Type" content="text/html;charset=utf-8" />
  <meta name='ocr-system' content='tesseract 3.04.00' />
  <meta name='ocr-capabilities' content='ocr_page ocr_carea ocr_par ocr_line ocrx_word'/>
</head>
<body>
  <div class='ocr_page' id='page_1' title='image "./lexicontaciteums00boetuoft_0150.png"; bbox 0 0 1702 2982; ppageno 0'>
   <div class='ocr_carea' id='block_1_1' title="bbox 1211 111 1223 131">
    <p class='ocr_par' dir='ltr' id='par_1_1' title="bbox 1211 111 1223 131">
     <span class='ocr_line' id='line_1_1' title="bbox 1211 111 1223 131; baseline 0 0"><span class='ocrx_word' id='word_1_1' title='bbox 1211 111 1223 131; x_wconf 83' lang='grc' dir='ltr'><em>Ι</em></span> 
     </span>
    </p>
   </div>
   <div class='ocr_carea' id='block_1_2' title="bbox 246 192 1355 261">
    <p class='ocr_par' dir='ltr' id='par_1_2' title="bbox 246 192 1355 261">
     <span class='ocr_line' id='line_1_2' title="bbox 246 192 1355 261; baseline 0.005 -23"><span class='ocrx_word' id='word_1_2' title='bbox 246 199 303 239; x_wconf 86' lang='grc'>28</span> <span class='ocrx_word' id='word_1_3' title='bbox 481 194 666 240; x_wconf 80' lang='lat' dir='ltr'>Actitare</span> <span class='ocrx_word' id='word_1_4' title='bbox 724 194 856 239; x_wconf 84' lang='lat' dir='ltr'><strong>Actor</strong></span> <span class='ocrx_word' id='word_1_5' title='bbox 912 194 1044 241; x_wconf 86' lang='lat' dir='ltr'>Actus</span> <span class='ocrx_word' id='word_1_6' title='bbox 1101 192 1355 261; x_wconf 81' lang='lat' dir='ltr'>Adaequare</span> 
     </span>
    </p>
   </div>
   <div class='ocr_carea' id='block_1_3' title="bbox 200 300 1640 652">
    <p class='ocr_par' dir='ltr' id='par_1_3' title="bbox 200 300 1640 652">
     <span class='ocr_line' id='line_1_3' title="bbox 242 300 1640 357; baseline 0.005 -13"><span class='ocrx_word' id='word_1_7' title='bbox 242 310 292 345; x_wconf 80' lang='lat' dir='ltr'>sit</span> <span class='ocrx_word' id='word_1_8' title='bbox 312 309 353 344; x_wconf 79' lang='lat' dir='ltr'>in</span> <span class='ocrx_word' id='word_1_9' title='bbox 384 309 480 344; x_wconf 80' lang='lat' dir='ltr'>actis</span> <span class='ocrx_word' id='word_1_10' title='bbox 499 307 704 355; x_wconf 76' lang='lat' dir='ltr'>publiciS.“</span> <span class='ocrx_word' id='word_1_11' title='bbox 751 306 897 344; x_wconf 84' lang='lat' dir='ltr'><strong>Nostris</strong></span> <span class='ocrx_word' id='word_1_12' title='bbox 921 307 1038 357; x_wconf 81' lang='lat' dir='ltr'>igitur</span> <span class='ocrx_word' id='word_1_13' title='bbox 1060 310 1368 356; x_wconf 78' lang='lat' dir='ltr'>ephemeridibus</span> <span class='ocrx_word' id='word_1_14' title='bbox 1388 324 1454 350; x_wconf 79' lang='lat' dir='ltr'>eos</span> <span class='ocrx_word' id='word_1_15' title='bbox 1486 324 1593 350; x_wconf 84' lang='lat' dir='ltr'>com-</span> <span class='ocrx_word' id='word_1_16' title='bbox 1638 300 1640 306; x_wconf 67' lang='lat'>‚</span> 
     </span>
     <span class='ocr_line' id='line_1_4' title="bbox 241 365 1592 418; baseline 0.004 -16"><span class='ocrx_word' id='word_1_17' title='bbox 241 367 447 403; x_wconf 78' lang='lat' dir='ltr'>mentatios</span> <span class='ocrx_word' id='word_1_18' title='bbox 485 366 702 406; x_wconf 86' lang='lat' dir='ltr'><strong>consimiles</strong></span> <span class='ocrx_word' id='word_1_19' title='bbox 741 365 859 402; x_wconf 87' lang='lat' dir='ltr'>fuisse</span> <span class='ocrx_word' id='word_1_20' title='bbox 884 366 1009 402; x_wconf 49' lang='lat' dir='ltr'>&#39;facile</span> <span class='ocrx_word' id='word_1_21' title='bbox 1050 374 1107 403; x_wconf 85' lang='lat' dir='ltr'>est</span> <span class='ocrx_word' id='word_1_22' title='bbox 1148 377 1366 416; x_wconf 86' lang='lat' dir='ltr'>perspectu,</span> <span class='ocrx_word' id='word_1_23' title='bbox 1396 377 1592 418; x_wconf 68' lang='lat' dir='ltr'>⁴patetque</span> 
     </span>
     <span class='ocr_line' id='line_1_5' title="bbox 241 423 1591 474; baseline 0.004 -14"><span class='ocrx_word' id='word_1_24' title='bbox 241 426 357 463; x_wconf 86' lang='lat' dir='ltr'>etiam</span> <span class='ocrx_word' id='word_1_25' title='bbox 389 424 493 474; x_wconf 86' lang='lat' dir='ltr'>quod</span> <span class='ocrx_word' id='word_1_26' title='bbox 525 424 573 459; x_wconf 89' lang='lat' dir='ltr'>ad</span> <span class='ocrx_word' id='word_1_27' title='bbox 606 424 736 461; x_wconf 78' lang='lat' dir='ltr'>stilum</span> <span class='ocrx_word' id='word_1_28' title='bbox 769 423 909 466; x_wconf 21' lang='lat' dir='ltr'>attinet&gt;</span> <span class='ocrx_word' id='word_1_29' title='bbox 935 436 956 461; x_wconf 82' lang='lat' dir='ltr'>e</span> <span class='ocrx_word' id='word_1_30' title='bbox 981 426 1066 469; x_wconf 69' lang='lat' dir='ltr'>loco</span> <span class='ocrx_word' id='word_1_31' title='bbox 1101 426 1330 472; x_wconf 85' lang='lat' dir='ltr'>Quintiliani</span> <span class='ocrx_word' id='word_1_32' title='bbox 1363 441 1387 464; x_wconf 90' lang='lat' dir='ltr'>a</span> <span class='ocrx_word' id='word_1_33' title='bbox 1409 429 1591 470; x_wconf 84' lang='lat' dir='ltr'>Wal&#39;chio</span> 
     </span>
     <span class='ocr_line' id='line_1_6' title="bbox 239 479 1592 529; baseline 0.004 -10"><span class='ocrx_word' id='word_1_34' title='bbox 239 484 394 521; x_wconf 82' lang='lat' dir='ltr'>laudato</span> <span class='ocrx_word' id='word_1_35' title='bbox 435 483 492 529; x_wconf 83' lang='lat'>(9,</span> <span class='ocrx_word' id='word_1_36' title='bbox 507 487 542 526; x_wconf 86' lang='lat'>3,</span> <span class='ocrx_word' id='word_1_37' title='bbox 559 482 665 524; x_wconf 78' lang='lat'><strong>17).“</strong></span> <span class='ocrx_word' id='word_1_38' title='bbox 711 486 771 518; x_wconf 87' lang='lat' dir='ltr'>Ex</span> <span class='ocrx_word' id='word_1_39' title='bbox 809 486 952 518; x_wconf 82' lang='lat' dir='ltr'>Graeco</span> <span class='ocrx_word' id='word_1_40' title='bbox 985 495 1072 519; x_wconf 83' lang='lat' dir='ltr'>vero</span> <span class='ocrx_word' id='word_1_41' title='bbox 1103 486 1293 521; x_wconf 76' lang='lat' dir='ltr'>translata</span> <span class='ocrx_word' id='word_1_42' title='bbox 1325 487 1386 522; x_wconf 87' lang='lat' dir='ltr'>vel</span> <span class='ocrx_word' id='word_1_43' title='bbox 1418 479 1592 525; x_wconf 73' lang='lat' dir='ltr'><strong><em>Sallustii</em></strong></span> 
     </span>
     <span class='ocr_line' id='line_1_7' title="bbox 200 530 1615 592; baseline 0.002 -14"><span class='ocrx_word' id='word_1_44' title='bbox 200 530 204 540; x_wconf 50' lang='lat'>¹</span> <span class='ocrx_word' id='word_1_45' title='bbox 240 545 420 592; x_wconf 70' lang='lat' dir='ltr'>plurima,</span> <span class='ocrx_word' id='word_1_46' title='bbox 455 542 566 588; x_wconf 84' lang='lat' dir='ltr'>quale</span> <span class='ocrx_word' id='word_1_47' title='bbox 589 547 644 575; x_wconf 81' lang='lat' dir='ltr'>est</span> <span class='ocrx_word' id='word_1_48' title='bbox 667 542 806 588; x_wconf 83' lang='lat' dir='ltr'>vulgus</span> <span class='ocrx_word' id='word_1_49' title='bbox 830 546 931 575; x_wconf 86' lang='lat' dir='ltr'>amat</span> <span class='ocrx_word' id='word_1_50' title='bbox 954 539 1142 578; x_wconf 78' lang='lat' dir='ltr'>fieri—et</span> <span class='ocrx_word' id='word_1_51' title='bbox 1163 543 1247 586; x_wconf 82' lang='lat' dir='ltr'>jam</span> <span class='ocrx_word' id='word_1_52' title='bbox 1271 545 1470 592; x_wconf 81' lang='lat' dir='ltr'>vulgatum</span> <span class='ocrx_word' id='word_1_53' title='bbox 1495 548 1591 582; x_wconf 62' lang='lat' dir='ltr'>actis</span> <span class='ocrx_word' id='word_1_54' title='bbox 1608 566 1615 577; x_wconf 70' lang='grc' dir='ltr'><em>ι</em></span> 
     </span>
     <span class='ocr_line' id='line_1_8' title="bbox 241 598 1589 652; baseline -0.001 -17"><span class='ocrx_word' id='word_1_55' title='bbox 241 600 384 650; x_wconf 72' lang='lat' dir='ltr'>quoqne</span> <span class='ocrx_word' id='word_1_56' title='bbox 409 599 560 642; x_wconf 81' lang='lat' dir='ltr'>saucius</span> <span class='ocrx_word' id='word_1_57' title='bbox 588 599 762 646; x_wconf 85' lang='lat' dir='ltr'>pectus.“&#39;</span> <span class='ocrx_word' id='word_1_58' title='bbox 781 608 789 621; x_wconf 88' lang='lat'><strong>·</strong></span> <span class='ocrx_word' id='word_1_59' title='bbox 808 599 865 634; x_wconf 91' lang='lat' dir='ltr'>De</span> <span class='ocrx_word' id='word_1_60' title='bbox 890 598 982 639; x_wconf 80' lang='lat' dir='ltr'>actis</span> <span class='ocrx_word' id='word_1_61' title='bbox 1006 601 1143 647; x_wconf 85' lang='lat' dir='ltr'>populi</span> <span class='ocrx_word' id='word_1_62' title='bbox 1166 602 1214 639; x_wconf 76' lang='lat' dir='ltr'>cf.</span> <span class='ocrx_word' id='word_1_63' title='bbox 1254 614 1314 650; x_wconf 83' lang='lat' dir='ltr'>ap.</span> <span class='ocrx_word' id='word_1_64' title='bbox 1349 606 1442 640; x_wconf 89' lang='lat' dir='ltr'>Tac.</span> <span class='ocrx_word' id='word_1_65' title='bbox 1474 616 1589 652; x_wconf 70' lang='lat' dir='ltr'>prae..</span> 
     </span>
    </p>
   </div>
   <div class='ocr_carea' id='block_1_4' title="bbox 239 657 1643 708">
    <p class='ocr_par' dir='ltr' id='par_1_4' title="bbox 239 657 1643 708">
     <span class='ocr_line' id='line_1_9' title="bbox 239 657 1643 708; baseline 0.002 -12"><span class='ocrx_word' id='word_1_66' title='bbox 239 666 298 697; x_wconf 82' lang='lat' dir='ltr'>ter</span> <span class='ocrx_word' id='word_1_67' title='bbox 322 660 407 695; x_wconf 92' lang='lat' dir='ltr'>illos</span> <span class='ocrx_word' id='word_1_68' title='bbox 432 660 536 693; x_wconf 92' lang='lat' dir='ltr'>locos</span> <span class='ocrx_word' id='word_1_69' title='bbox 561 657 664 692; x_wconf 82' lang='lat' dir='ltr'>Ann-</span> <span class='ocrx_word' id='word_1_70' title='bbox 679 661 749 699; x_wconf 85' lang='lat'>3‚3</span> <span class='ocrx_word' id='word_1_71' title='bbox 773 663 934 692; x_wconf 81' lang='lat' dir='ltr'>matrem</span> <span class='ocrx_word' id='word_1_72' title='bbox 969 661 1175 694; x_wconf 82' lang='lat' dir='ltr'><em>Antoniam</em></span> <span class='ocrx_word' id='word_1_73' title='bbox 1208 673 1285 695; x_wconf 84' lang='lat' dir='ltr'>non</span> <span class='ocrx_word' id='word_1_74' title='bbox 1316 663 1438 708; x_wconf 82' lang='lat' dir='ltr'>apud</span> <span class='ocrx_word' id='word_1_75' title='bbox 1453 669 1588 699; x_wconf 79' lang='lat' dir='ltr'>aucto-</span> <span class='ocrx_word' id='word_1_76' title='bbox 1639 689 1643 690; x_wconf 18' lang='grc' dir='ltr'><em>γ</em></span> 
     </span>
    </p>
   </div>
   <div class='ocr_carea' id='block_1_5' title="bbox 171 715 1594 1586">
    <p class='ocr_par' dir='ltr' id='par_1_5' title="bbox 234 715 1588 1234">
     <span class='ocr_line' id='line_1_10' title="bbox 239 715 1587 768; baseline 0.001 -13"><span class='ocrx_word' id='word_1_77' title='bbox 239 731 299 755; x_wconf 82' lang='lat' dir='ltr'>res</span> <span class='ocrx_word' id='word_1_78' title='bbox 325 729 462 762; x_wconf 85' lang='lat' dir='ltr'>rerum,</span> <span class='ocrx_word' id='word_1_79' title='bbox 488 728 565 750; x_wconf 87' lang='lat' dir='ltr'>non</span> <span class='ocrx_word' id='word_1_80' title='bbox 591 715 729 750; x_wconf 72' lang='lat' dir='ltr'>diurna</span> <span class='ocrx_word' id='word_1_81' title='bbox 755 721 926 750; x_wconf 82' lang='lat' dir='ltr'>actorum</span> <span class='ocrx_word' id='word_1_82' title='bbox 951 717 1139 762; x_wconf 80' lang='lat' dir='ltr'>scriptura</span> <span class='ocrx_word' id='word_1_83' title='bbox 1172 720 1311 765; x_wconf 80' lang='lat' dir='ltr'><strong><em>reperio</em></strong></span> <span class='ocrx_word' id='word_1_84' title='bbox 1338 721 1412 755; x_wconf 81' lang='lat' dir='ltr'>ullo</span> <span class='ocrx_word' id='word_1_85' title='bbox 1445 722 1587 768; x_wconf 77' lang='lat' dir='ltr'><strong><em>insigni</em></strong></span> 
     </span>
     <span class='ocr_line' id='line_1_11' title="bbox 239 770 1588 826; baseline 0.004 -18"><span class='ocrx_word' id='word_1_86' title='bbox 239 777 367 824; x_wconf 78' lang='lat' dir='ltr'>officio</span> <span class='ocrx_word' id='word_1_87' title='bbox 383 775 589 822; x_wconf 69' lang='lat' dir='ltr'>jiaenclam5</span> <span class='ocrx_word' id='word_1_88' title='bbox 615 777 670 816; x_wconf 85' lang='lat'>12,</span> <span class='ocrx_word' id='word_1_89' title='bbox 686 770 732 809; x_wconf 69' lang='grc'>24</span> <span class='ocrx_word' id='word_1_90' title='bbox 760 784 859 819; x_wconf 82' lang='lat' dir='ltr'>quos</span> <span class='ocrx_word' id='word_1_91' title='bbox 891 780 970 808; x_wconf 74' lang='lat' dir='ltr'>tum</span> <span class='ocrx_word' id='word_1_92' title='bbox 1004 774 1183 810; x_wconf 76' lang='lat' dir='ltr'>claudius</span> <span class='ocrx_word' id='word_1_93' title='bbox 1217 779 1398 812; x_wconf 81' lang='lat' dir='ltr'>terminos</span> <span class='ocrx_word' id='word_1_94' title='bbox 1424 781 1588 826; x_wconf 74' lang='lat' dir='ltr'><em>posuerit</em></span> 
     </span>
     <span class='ocr_line' id='line_1_12' title="bbox 234 830 1587 882; baseline 0.002 -11"><span class='ocrx_word' id='word_1_95' title='bbox 234 836 356 880; x_wconf 79' lang='lat' dir='ltr'>facile</span> <span class='ocrx_word' id='word_1_96' title='bbox 389 836 539 882; x_wconf 79' lang='lat' dir='ltr'>cognitu.</span> <span class='ocrx_word' id='word_1_97' title='bbox 571 838 604 866; x_wconf 81' lang='lat' dir='ltr'>et</span> <span class='ocrx_word' id='word_1_98' title='bbox 634 830 795 877; x_wconf 84' lang='lat' dir='ltr'><em>publicis</em></span> <span class='ocrx_word' id='word_1_99' title='bbox 830 833 925 866; x_wconf 83' lang='lat' dir='ltr'>actis</span> <span class='ocrx_word' id='word_1_100' title='bbox 958 835 1229 880; x_wconf 78' lang='lat' dir='ltr'>perscriptum5</span> <span class='ocrx_word' id='word_1_101' title='bbox 1260 840 1316 879; x_wconf 75' lang='lat'>13,</span> <span class='ocrx_word' id='word_1_102' title='bbox 1335 841 1380 880; x_wconf 74' lang='lat'>31</span> <span class='ocrx_word' id='word_1_103' title='bbox 1424 850 1510 874; x_wconf 80' lang='lat' dir='ltr'>cum</span> <span class='ocrx_word' id='word_1_104' title='bbox 1541 851 1587 874; x_wconf 74' lang='lat' dir='ltr'>ex</span> 
     </span>
     <span class='ocr_line' id='line_1_13' title="bbox 238 863 1584 943; baseline 0.003 -15"><span class='ocrx_word' id='word_1_105' title='bbox 238 895 424 942; x_wconf 79' lang='lat' dir='ltr'><em>dignitate</em></span> <span class='ocrx_word' id='word_1_106' title='bbox 430 863 576 939; x_wconf 59' lang='lat' dir='ltr'>²³populi</span> <span class='ocrx_word' id='word_1_107' title='bbox 600 890 765 925; x_wconf 80' lang='lat' dir='ltr'>Romani</span> <span class='ocrx_word' id='word_1_108' title='bbox 789 897 976 936; x_wconf 79' lang='lat' dir='ltr'>repertum</span> <span class='ocrx_word' id='word_1_109' title='bbox 1002 892 1061 934; x_wconf 84' lang='lat' dir='ltr'>sit,</span> <span class='ocrx_word' id='word_1_110' title='bbox 1089 904 1146 926; x_wconf 85' lang='lat' dir='ltr'>res</span> <span class='ocrx_word' id='word_1_111' title='bbox 1171 887 1344 928; x_wconf 71' lang='lat' dir='ltr'><em>inlustres</em></span> <span class='ocrx_word' id='word_1_112' title='bbox 1368 896 1584 943; x_wconf 74' lang='lat' dir='ltr'><strong><em>annalibus,</em></strong></span> 
     </span>
     <span class='ocr_line' id='line_1_14' title="bbox 237 946 1586 999; baseline 0.001 -10"><span class='ocrx_word' id='word_1_113' title='bbox 237 953 335 989; x_wconf 73' lang='lat' dir='ltr'>talia</span> <span class='ocrx_word' id='word_1_114' title='bbox 360 949 678 999; x_wconf 75' lang='lat' dir='ltr'>(aedificationes)</span> <span class='ocrx_word' id='word_1_115' title='bbox 711 946 857 982; x_wconf 81' lang='lat' dir='ltr'>diurnis</span> <span class='ocrx_word' id='word_1_116' title='bbox 889 947 992 983; x_wconf 78' lang='lat' dir='ltr'>urbis</span> <span class='ocrx_word' id='word_1_117' title='bbox 1028 953 1123 985; x_wconf 79' lang='lat' dir='ltr'>actis</span> <span class='ocrx_word' id='word_1_118' title='bbox 1155 952 1352 988; x_wconf 82' lang='lat' dir='ltr'>mandare.</span> <span class='ocrx_word' id='word_1_119' title='bbox 1378 971 1427 980; x_wconf 85' lang='lat'>-—</span> <span class='ocrx_word' id='word_1_120' title='bbox 1471 954 1586 991; x_wconf 84' lang='lat' dir='ltr'>Alio-</span> 
     </span>
     <span class='ocr_line' id='line_1_15' title="bbox 235 1002 1582 1056; baseline 0.002 -10"><span class='ocrx_word' id='word_1_121' title='bbox 235 1023 325 1047; x_wconf 84' lang='lat' dir='ltr'>rum</span> <span class='ocrx_word' id='word_1_122' title='bbox 348 1010 576 1056; x_wconf 81' lang='lat' dir='ltr'>scriptoru‘m</span> <span class='ocrx_word' id='word_1_123' title='bbox 599 1006 706 1041; x_wconf 90' lang='lat' dir='ltr'>locos</span> <span class='ocrx_word' id='word_1_124' title='bbox 731 1016 770 1041; x_wconf 85' lang='lat' dir='ltr'>v.</span> <span class='ocrx_word' id='word_1_125' title='bbox 796 1004 839 1039; x_wconf 90' lang='lat' dir='ltr'>in</span> <span class='ocrx_word' id='word_1_126' title='bbox 863 1006 967 1053; x_wconf 86' lang='lat' dir='ltr'>Lips.</span> <span class='ocrx_word' id='word_1_127' title='bbox 996 1008 1087 1042; x_wconf 83' lang='lat' dir='ltr'>Exc.</span> <span class='ocrx_word' id='word_1_128' title='bbox 1113 1009 1161 1043; x_wconf 89' lang='lat' dir='ltr'>ad</span> <span class='ocrx_word' id='word_1_129' title='bbox 1185 1002 1289 1045; x_wconf 78' lang='lat' dir='ltr'>Ann.</span> <span class='ocrx_word' id='word_1_130' title='bbox 1303 1016 1337 1054; x_wconf 87' lang='lat'>5,</span> <span class='ocrx_word' id='word_1_131' title='bbox 1352 1010 1387 1055; x_wconf 76' lang='grc'>4,</span> <span class='ocrx_word' id='word_1_132' title='bbox 1421 1011 1465 1047; x_wconf 86' lang='lat' dir='ltr'>in</span> <span class='ocrx_word' id='word_1_133' title='bbox 1488 1015 1582 1049; x_wconf 80' lang='lat' dir='ltr'>Exc.</span> 
     </span>
     <span class='ocr_line' id='line_1_16' title="bbox 235 1063 1584 1116; baseline 0.001 -10"><span class='ocrx_word' id='word_1_134' title='bbox 235 1068 401 1106; x_wconf 84' lang='lat' dir='ltr'>Ernestii</span> <span class='ocrx_word' id='word_1_135' title='bbox 424 1067 471 1102; x_wconf 86' lang='lat' dir='ltr'>ad</span> <span class='ocrx_word' id='word_1_136' title='bbox 497 1068 596 1101; x_wconf 85' lang='lat' dir='ltr'>Suet.</span> <span class='ocrx_word' id='word_1_137' title='bbox 624 1064 727 1099; x_wconf 85' lang='lat' dir='ltr'><strong>Caes.</strong></span> <span class='ocrx_word' id='word_1_138' title='bbox 746 1068 792 1100; x_wconf 84' lang='lat'>20</span> <span class='ocrx_word' id='word_1_139' title='bbox 819 1063 883 1107; x_wconf 85' lang='lat' dir='ltr'>(cf.</span> <span class='ocrx_word' id='word_1_140' title='bbox 910 1065 1026 1100; x_wconf 86' lang='lat' dir='ltr'>etiam</span> <span class='ocrx_word' id='word_1_141' title='bbox 1049 1066 1177 1101; x_wconf 84' lang='lat' dir='ltr'>Bremi</span> <span class='ocrx_word' id='word_1_142' title='bbox 1210 1067 1258 1102; x_wconf 88' lang='lat' dir='ltr'>ad</span> <span class='ocrx_word' id='word_1_143' title='bbox 1289 1067 1329 1104; x_wconf 87' lang='lat' dir='ltr'>h.</span> <span class='ocrx_word' id='word_1_144' title='bbox 1353 1069 1399 1116; x_wconf 87' lang='lat'>1.)</span> <span class='ocrx_word' id='word_1_145' title='bbox 1430 1069 1473 1106; x_wconf 89' lang='lat' dir='ltr'>in</span> <span class='ocrx_word' id='word_1_146' title='bbox 1503 1073 1584 1107; x_wconf 75' lang='lat' dir='ltr'>Ru-</span> 
     </span>
     <span class='ocr_line' id='line_1_17' title="bbox 234 1121 1581 1175; baseline 0.015 -29"><span class='ocrx_word' id='word_1_147' title='bbox 234 1134 329 1175; x_wconf 82' lang='lat' dir='ltr'>pert.</span> <span class='ocrx_word' id='word_1_148' title='bbox 363 1128 461 1162; x_wconf 65' lang='lat' dir='ltr'>psol,</span> <span class='ocrx_word' id='word_1_149' title='bbox 495 1123 543 1159; x_wconf 88' lang='lat' dir='ltr'>ad</span> <span class='ocrx_word' id='word_1_150' title='bbox 575 1121 699 1161; x_wconf 82' lang='lat' dir='ltr'>Taciti</span> <span class='ocrx_word' id='word_1_151' title='bbox 738 1122 842 1158; x_wconf 90' lang='lat' dir='ltr'>Ann.</span> <span class='ocrx_word' id='word_1_152' title='bbox 876 1134 916 1170; x_wconf 89' lang='lat' dir='ltr'>p.</span> <span class='ocrx_word' id='word_1_153' title='bbox 943 1124 999 1161; x_wconf 89' lang='lat'>16.</span> <span class='ocrx_word' id='word_1_154' title='bbox 1020 1134 1077 1172; x_wconf 84' lang='lat' dir='ltr'>sq.</span> <span class='ocrx_word' id='word_1_155' title='bbox 1124 1130 1161 1161; x_wconf 81' lang='lat' dir='ltr'>et</span> <span class='ocrx_word' id='word_1_156' title='bbox 1198 1125 1242 1167; x_wconf 79' lang='lat' dir='ltr'>in</span> <span class='ocrx_word' id='word_1_157' title='bbox 1285 1127 1379 1172; x_wconf 76' lang='lat' dir='ltr'>Lex.</span> <span class='ocrx_word' id='word_1_158' title='bbox 1419 1129 1581 1166; x_wconf 87' lang='lat' dir='ltr'>Forcell.</span> 
     </span>
     <span class='ocr_line' id='line_1_18' title="bbox 234 1184 960 1234; baseline 0.001 -14"><span class='ocrx_word' id='word_1_159' title='bbox 234 1184 471 1228; x_wconf 82' lang='lat' dir='ltr'>IIerteliano.</span> <span class='ocrx_word' id='word_1_160' title='bbox 958 1229 960 1234; x_wconf 27' lang='grc' dir='ltr'>ι</span> 
     </span>
    </p>

    <p class='ocr_par' dir='ltr' id='par_1_6' title="bbox 230 1239 1580 1402">
     <span class='ocr_line' id='line_1_19' title="bbox 327 1239 1580 1285; baseline 0.002 -5"><span class='ocrx_word' id='word_1_161' title='bbox 327 1243 581 1280; x_wconf 86' lang='lat' dir='ltr'><strong>ACTITARE</strong></span> <span class='ocrx_word' id='word_1_162' title='bbox 614 1243 751 1276; x_wconf 85' lang='lat' dir='ltr'>mimos</span> <span class='ocrx_word' id='word_1_163' title='bbox 789 1239 886 1275; x_wconf 83' lang='lat' dir='ltr'>Hist.</span> <span class='ocrx_word' id='word_1_164' title='bbox 910 1244 945 1285; x_wconf 79' lang='lat'>3,</span> <span class='ocrx_word' id='word_1_165' title='bbox 970 1240 1016 1276; x_wconf 84' lang='lat'>62</span> <span class='ocrx_word' id='word_1_166' title='bbox 1048 1246 1092 1277; x_wconf 91' lang='lat' dir='ltr'>ut</span> <span class='ocrx_word' id='word_1_167' title='bbox 1134 1253 1272 1278; x_wconf 80' lang='lat' dir='ltr'><em>causas</em></span> <span class='ocrx_word' id='word_1_168' title='bbox 1310 1247 1470 1281; x_wconf 81' lang='lat' dir='ltr'>actitare</span> <span class='ocrx_word' id='word_1_169' title='bbox 1503 1246 1580 1285; x_wconf 80' lang='lat' dir='ltr'>Cic.</span> 
     </span>
     <span class='ocr_line' id='line_1_20' title="bbox 231 1297 1577 1352; baseline 0.001 -13"><span class='ocrx_word' id='word_1_170' title='bbox 231 1305 337 1340; x_wconf 82' lang='lat' dir='ltr'>Brut.</span> <span class='ocrx_word' id='word_1_171' title='bbox 359 1306 424 1346; x_wconf 80' lang='lat'>703</span> <span class='ocrx_word' id='word_1_172' title='bbox 443 1299 667 1348; x_wconf 63' lang='lat' dir='ltr'>tragoedias</span> <span class='ocrx_word' id='word_1_173' title='bbox 692 1301 850 1335; x_wconf 81' lang='lat' dir='ltr'>actitare</span> <span class='ocrx_word' id='word_1_174' title='bbox 872 1301 968 1345; x_wconf 72' lang='lat' dir='ltr'>Rep.</span> <span class='ocrx_word' id='word_1_175' title='bbox 983 1297 1018 1343; x_wconf 78' lang='lat'>4,</span> <span class='ocrx_word' id='word_1_176' title='bbox 1041 1303 1087 1339; x_wconf 88' lang='grc'>35</span> <span class='ocrx_word' id='word_1_177' title='bbox 1123 1299 1167 1337; x_wconf 82' lang='lat' dir='ltr'>fr.</span> <span class='ocrx_word' id='word_1_178' title='bbox 1203 1313 1265 1348; x_wconf 89' lang='lat' dir='ltr'>ap.</span> <span class='ocrx_word' id='word_1_179' title='bbox 1297 1302 1504 1352; x_wconf 78' lang='lat' dir='ltr'>Augustin.</span> <span class='ocrx_word' id='word_1_180' title='bbox 1537 1316 1577 1343; x_wconf 81' lang='lat' dir='ltr'>v.</span> 
     </span>
     <span class='ocr_line' id='line_1_21' title="bbox 230 1360 972 1402; baseline -0.001 -5"><span class='ocrx_word' id='word_1_181' title='bbox 230 1363 327 1401; x_wconf 79' lang='lat' dir='ltr'>Lex.</span> <span class='ocrx_word' id='word_1_182' title='bbox 352 1360 510 1402; x_wconf 75' lang='lat' dir='ltr'>Forcell.</span> <span class='ocrx_word' id='word_1_183' title='bbox 536 1360 679 1394; x_wconf 78' lang='lat' dir='ltr'>Hertel.</span> <span class='ocrx_word' id='word_1_184' title='bbox 969 1379 972 1382; x_wconf 86' lang='lat'><em>-</em></span> 
     </span>
    </p>

    <p class='ocr_par' dir='ltr' id='par_1_7' title="bbox 171 1413 1594 1586">
     <span class='ocr_line' id='line_1_22' title="bbox 324 1413 1579 1469; baseline 0.004 -17"><span class='ocrx_word' id='word_1_185' title='bbox 324 1418 498 1455; x_wconf 82' lang='lat' dir='ltr'>ACTOR·</span> <span class='ocrx_word' id='word_1_186' title='bbox 516 1417 614 1466; x_wconf 82' lang='lat' dir='ltr'>sign.</span> <span class='ocrx_word' id='word_1_187' title='bbox 640 1422 779 1466; x_wconf 82' lang='lat' dir='ltr'><strong>argent.</strong></span> <span class='ocrx_word' id='word_1_188' title='bbox 813 1415 968 1457; x_wconf 79' lang='lat' dir='ltr'>demum</span> <span class='ocrx_word' id='word_1_189' title='bbox 992 1421 1111 1451; x_wconf 84' lang='lat' dir='ltr'>aetate</span> <span class='ocrx_word' id='word_1_190' title='bbox 1137 1416 1279 1452; x_wconf 80' lang='lat' dir='ltr'>usitata</span> <span class='ocrx_word' id='word_1_191' title='bbox 1304 1430 1380 1467; x_wconf 84' lang='lat' dir='ltr'>qua</span> <span class='ocrx_word' id='word_1_192' title='bbox 1407 1413 1579 1469; x_wconf 71' lang='lat' dir='ltr'>iiesignat</span> 
     </span>
     <span class='ocr_line' id='line_1_23' title="bbox 230 1475 1578 1523; baseline 0 -9"><span class='ocrx_word' id='word_1_193' title='bbox 230 1475 418 1523; x_wconf 81' lang='grc' dir='ltr'><em>διοικητήν</em></span> <span class='ocrx_word' id='word_1_194' title='bbox 443 1487 474 1512; x_wconf 86' lang='lat' dir='ltr'>s.</span> <span class='ocrx_word' id='word_1_195' title='bbox 500 1482 800 1522; x_wconf 81' lang='lat' dir='ltr'>procuratorem:</span> <span class='ocrx_word' id='word_1_196' title='bbox 830 1475 935 1509; x_wconf 88' lang='lat' dir='ltr'>Ann.</span> <span class='ocrx_word' id='word_1_197' title='bbox 950 1478 983 1517; x_wconf 85' lang='lat'>2,</span> <span class='ocrx_word' id='word_1_198' title='bbox 998 1479 1044 1512; x_wconf 81' lang='lat'>30</span> <span class='ocrx_word' id='word_1_199' title='bbox 1069 1477 1284 1522; x_wconf 79' lang='lat' dir='ltr'>mancipari</span> <span class='ocrx_word' id='word_1_200' title='bbox 1316 1478 1463 1520; x_wconf 80' lang='lat' dir='ltr'>(vendi)</span> <span class='ocrx_word' id='word_1_201' title='bbox 1495 1481 1578 1514; x_wconf 84' lang='lat' dir='ltr'>sin-</span> 
     </span>
     <span class='ocr_line' id='line_1_24' title="bbox 171 1530 1594 1586; baseline -0.001 -15"><span class='ocrx_word' id='word_1_202' title='bbox 171 1530 189 1546; x_wconf 61' lang='lat'>⁸</span> <span class='ocrx_word' id='word_1_203' title='bbox 225 1538 338 1586; x_wconf 80' lang='lat' dir='ltr'>gulos</span> <span class='ocrx_word' id='word_1_204' title='bbox 363 1537 482 1570; x_wconf 81' lang='lat' dir='ltr'>actori</span> <span class='ocrx_word' id='word_1_205' title='bbox 505 1533 654 1581; x_wconf 82' lang='lat' dir='ltr'>publico</span> <span class='ocrx_word' id='word_1_206' title='bbox 681 1536 733 1574; x_wconf 86' lang='lat' dir='ltr'>(v.</span> <span class='ocrx_word' id='word_1_207' title='bbox 759 1532 862 1578; x_wconf 88' lang='lat' dir='ltr'>Lips.</span> <span class='ocrx_word' id='word_1_208' title='bbox 889 1531 935 1566; x_wconf 84' lang='lat' dir='ltr'>ad</span> <span class='ocrx_word' id='word_1_209' title='bbox 961 1532 1000 1567; x_wconf 86' lang='lat' dir='ltr'>h.</span> <span class='ocrx_word' id='word_1_210' title='bbox 1026 1534 1052 1567; x_wconf 91' lang='lat'>1.</span> <span class='ocrx_word' id='word_1_211' title='bbox 1080 1540 1116 1569; x_wconf 88' lang='lat' dir='ltr'>et</span> <span class='ocrx_word' id='word_1_212' title='bbox 1139 1534 1290 1582; x_wconf 84' lang='lat' dir='ltr'>Pignor.</span> <span class='ocrx_word' id='word_1_213' title='bbox 1316 1547 1356 1582; x_wconf 89' lang='lat' dir='ltr'>p.</span> <span class='ocrx_word' id='word_1_214' title='bbox 1372 1534 1454 1578; x_wconf 68' lang='lat'>134)</span> <span class='ocrx_word' id='word_1_215' title='bbox 1475 1530 1594 1582; x_wconf 19' lang='lat'><strong>&#39;3,674</strong></span> 
     </span>
    </p>
   </div>
   <div class='ocr_carea' id='block_1_6' title="bbox 162 1590 1576 1642">
    <p class='ocr_par' dir='ltr' id='par_1_8' title="bbox 162 1590 1576 1642">
     <span class='ocr_line' id='line_1_25' title="bbox 162 1590 1576 1642; baseline -0.006 -10"><span class='ocrx_word' id='word_1_216' title='bbox 162 1590 166 1602; x_wconf 75' lang='lat'><strong>¹</strong></span> <span class='ocrx_word' id='word_1_217' title='bbox 227 1603 336 1632; x_wconf 79' lang='lat' dir='ltr'>actor</span> <span class='ocrx_word' id='word_1_218' title='bbox 355 1593 531 1641; x_wconf 75' lang='lat' dir='ltr'>publicus</span> <span class='ocrx_word' id='word_1_219' title='bbox 556 1593 747 1638; x_wconf 78' lang='lat' dir='ltr'>mancipio</span> <span class='ocrx_word' id='word_1_220' title='bbox 772 1597 981 1637; x_wconf 82' lang='lat' dir='ltr'>acceperat.</span> <span class='ocrx_word' id='word_1_221' title='bbox 1032 1591 1087 1628; x_wconf 88' lang='lat' dir='ltr'>Cf.</span> <span class='ocrx_word' id='word_1_222' title='bbox 1113 1592 1208 1627; x_wconf 88' lang='lat' dir='ltr'>Plin.</span> <span class='ocrx_word' id='word_1_223' title='bbox 1235 1594 1303 1639; x_wconf 88' lang='lat' dir='ltr'>Ep.</span> <span class='ocrx_word' id='word_1_224' title='bbox 1318 1596 1351 1637; x_wconf 82' lang='lat'>7,</span> <span class='ocrx_word' id='word_1_225' title='bbox 1368 1599 1411 1632; x_wconf 83' lang='lat'>18</span> <span class='ocrx_word' id='word_1_226' title='bbox 1437 1607 1576 1642; x_wconf 68' lang='lat' dir='ltr'>agrum</span> 
     </span>
    </p>
   </div>
   <div class='ocr_carea' id='block_1_7' title="bbox 187 1636 1607 2747">
    <p class='ocr_par' dir='ltr' id='par_1_9' title="bbox 187 1636 1595 2039">
     <span class='ocr_line' id='line_1_26' title="bbox 226 1636 1575 1699; baseline 0.003 -17"><span class='ocrx_word' id='word_1_227' title='bbox 226 1636 276 1682; x_wconf 45' lang='lat'>...²</span> <span class='ocrx_word' id='word_1_228' title='bbox 302 1655 419 1688; x_wconf 79' lang='lat' dir='ltr'>actori</span> <span class='ocrx_word' id='word_1_229' title='bbox 459 1650 608 1698; x_wconf 81' lang='lat' dir='ltr'>publico</span> <span class='ocrx_word' id='word_1_230' title='bbox 644 1651 880 1695; x_wconf 81' lang='lat' dir='ltr'>mancipavi.</span> <span class='ocrx_word' id='word_1_231' title='bbox 909 1669 958 1676; x_wconf 91' lang='lat'>-—</span> <span class='ocrx_word' id='word_1_232' title='bbox 1010 1649 1061 1685; x_wconf 88' lang='lat' dir='ltr'>A.</span> <span class='ocrx_word' id='word_1_233' title='bbox 1097 1649 1204 1696; x_wconf 90' lang='lat' dir='ltr'><strong>publ.</strong></span> <span class='ocrx_word' id='word_1_234' title='bbox 1238 1663 1321 1693; x_wconf 83' lang='lat' dir='ltr'>rem</span> <span class='ocrx_word' id='word_1_235' title='bbox 1353 1651 1575 1699; x_wconf 84' lang='lat' dir='ltr'>principum</span> 
     </span>
     <span class='ocr_line' id='line_1_27' title="bbox 226 1700 1575 1756; baseline 0.001 -10"><span class='ocrx_word' id='word_1_236' title='bbox 226 1710 394 1754; x_wconf 80' lang='lat' dir='ltr'>curabat,</span> <span class='ocrx_word' id='word_1_237' title='bbox 420 1709 486 1746; x_wconf 91' lang='lat' dir='ltr'>sed</span> <span class='ocrx_word' id='word_1_238' title='bbox 511 1714 588 1744; x_wconf 86' lang='lat' dir='ltr'>erat</span> <span class='ocrx_word' id='word_1_239' title='bbox 612 1708 694 1744; x_wconf 90' lang='lat' dir='ltr'>sine</span> <span class='ocrx_word' id='word_1_240' title='bbox 718 1706 994 1753; x_wconf 75' lang='lat' dir='ltr'>jurisdictione,</span> <span class='ocrx_word' id='word_1_241' title='bbox 1028 1719 1106 1755; x_wconf 90' lang='lat' dir='ltr'>quo</span> <span class='ocrx_word' id='word_1_242' title='bbox 1130 1700 1254 1744; x_wconf 81' lang='lat' dir='ltr'>differt</span> <span class='ocrx_word' id='word_1_243' title='bbox 1285 1720 1308 1744; x_wconf 88' lang='lat' dir='ltr'>a</span> <span class='ocrx_word' id='word_1_244' title='bbox 1331 1716 1575 1756; x_wconf 81' lang='lat' dir='ltr'><strong>procuratore</strong></span> 
     </span>
     <span class='ocr_line' id='line_1_28' title="bbox 227 1765 1595 1823; baseline -0.001 -20"><span class='ocrx_word' id='word_1_245' title='bbox 227 1774 281 1812; x_wconf 79' lang='lat' dir='ltr'>(v.</span> <span class='ocrx_word' id='word_1_246' title='bbox 306 1771 410 1805; x_wconf 82' lang='lat' dir='ltr'>Hert.</span> <span class='ocrx_word' id='word_1_247' title='bbox 436 1770 529 1802; x_wconf 81' lang='lat' dir='ltr'>Lex.</span> <span class='ocrx_word' id='word_1_248' title='bbox 555 1768 677 1807; x_wconf 74' lang='lat' dir='ltr'>1⁴01·.c)</span> <span class='ocrx_word' id='word_1_249' title='bbox 728 1767 844 1809; x_wconf 86' lang='lat' dir='ltr'><strong>Erant</strong></span> <span class='ocrx_word' id='word_1_250' title='bbox 867 1765 981 1800; x_wconf 86' lang='lat' dir='ltr'>etiam</span> <span class='ocrx_word' id='word_1_251' title='bbox 1005 1766 1146 1812; x_wconf 80' lang='lat' dir='ltr'>privati</span> <span class='ocrx_word' id='word_1_252' title='bbox 1158 1773 1328 1823; x_wconf 80' lang='lat' dir='ltr'>actores,</span> <span class='ocrx_word' id='word_1_253' title='bbox 1354 1769 1456 1805; x_wconf 83' lang='lat' dir='ltr'>servi</span> <span class='ocrx_word' id='word_1_254' title='bbox 1488 1771 1595 1816; x_wconf 47' lang='lat' dir='ltr'>ple--N</span> 
     </span>
     <span class='ocr_line' id='line_1_29' title="bbox 187 1823 1573 1875; baseline -0.001 -14"><span class='ocrx_word' id='word_1_255' title='bbox 187 1864 189 1869; x_wconf 56' lang='lat'>‚</span> <span class='ocrx_word' id='word_1_256' title='bbox 222 1838 386 1875; x_wconf 78' lang='lat' dir='ltr'>rumque</span> <span class='ocrx_word' id='word_1_257' title='bbox 427 1827 492 1862; x_wconf 85' lang='lat' dir='ltr'>vel</span> <span class='ocrx_word' id='word_1_258' title='bbox 521 1824 712 1867; x_wconf 75' lang='lat' dir='ltr'>libert&#39;mi,</span> <span class='ocrx_word' id='word_1_259' title='bbox 755 1823 824 1872; x_wconf 86' lang='lat' dir='ltr'>qui</span> <span class='ocrx_word' id='word_1_260' title='bbox 854 1823 1018 1870; x_wconf 88' lang='lat' dir='ltr'>praediis</span> <span class='ocrx_word' id='word_1_261' title='bbox 1052 1824 1276 1873; x_wconf 85' lang='lat' dir='ltr'>fundisque,</span> <span class='ocrx_word' id='word_1_262' title='bbox 1317 1827 1573 1872; x_wconf 84' lang='lat' dir='ltr'>procuratoris</span> 
     </span>
     <span class='ocr_line' id='line_1_30' title="bbox 223 1881 1571 1932; baseline -0.004 -12"><span class='ocrx_word' id='word_1_263' title='bbox 223 1893 353 1920; x_wconf 79' lang='lat' dir='ltr'>tamen</span> <span class='ocrx_word' id='word_1_264' title='bbox 377 1896 406 1920; x_wconf 89' lang='lat' dir='ltr'>s.</span> <span class='ocrx_word' id='word_1_265' title='bbox 431 1883 555 1919; x_wconf 80' lang='lat' dir='ltr'>villici</span> <span class='ocrx_word' id='word_1_266' title='bbox 581 1881 772 1929; x_wconf 79' lang='lat' dir='ltr'>auspiciis,</span> <span class='ocrx_word' id='word_1_267' title='bbox 800 1888 1008 1928; x_wconf 78' lang='lat' dir='ltr'>praeerant.</span> <span class='ocrx_word' id='word_1_268' title='bbox 1048 1883 1107 1917; x_wconf 90' lang='lat' dir='ltr'>V.</span> <span class='ocrx_word' id='word_1_269' title='bbox 1132 1882 1228 1917; x_wconf 90' lang='lat' dir='ltr'>Plin.</span> <span class='ocrx_word' id='word_1_270' title='bbox 1254 1884 1322 1929; x_wconf 85' lang='lat' dir='ltr'>Ep.</span> <span class='ocrx_word' id='word_1_271' title='bbox 1334 1889 1368 1926; x_wconf 84' lang='lat'>3,</span> <span class='ocrx_word' id='word_1_272' title='bbox 1383 1889 1428 1925; x_wconf 80' lang='grc'>19</span> <span class='ocrx_word' id='word_1_273' title='bbox 1454 1897 1571 1932; x_wconf 76' lang='lat' dir='ltr'>prae-</span> 
     </span>
     <span class='ocr_line' id='line_1_31' title="bbox 225 1940 1571 1988; baseline 0.001 -11"><span class='ocrx_word' id='word_1_274' title='bbox 225 1944 293 1979; x_wconf 78' lang='lat' dir='ltr'>dia</span> <span class='ocrx_word' id='word_1_275' title='bbox 318 1961 367 1980; x_wconf 71' lang='lat'>-,-</span> <span class='ocrx_word' id='word_1_276' title='bbox 394 1940 463 1976; x_wconf 80' lang='lat' dir='ltr'>sub</span> <span class='ocrx_word' id='word_1_277' title='bbox 506 1941 634 1976; x_wconf 76' lang='lat' dir='ltr'>eodem</span> <span class='ocrx_word' id='word_1_278' title='bbox 673 1948 920 1988; x_wconf 82' lang='lat' dir='ltr'>procuratore</span> <span class='ocrx_word' id='word_1_279' title='bbox 960 1952 1009 1975; x_wconf 85' lang='lat' dir='ltr'>ac</span> <span class='ocrx_word' id='word_1_280' title='bbox 1043 1952 1166 1986; x_wconf 82' lang='lat' dir='ltr'>paene</span> <span class='ocrx_word' id='word_1_281' title='bbox 1205 1941 1340 1976; x_wconf 81' lang='lat' dir='ltr'>iisdem</span> <span class='ocrx_word' id='word_1_282' title='bbox 1377 1943 1571 1979; x_wconf 79' lang='lat' dir='ltr'>actoribus</span> 
     </span>
     <span class='ocr_line' id='line_1_32' title="bbox 223 2002 374 2039; baseline -0.033 0"><span class='ocrx_word' id='word_1_283' title='bbox 223 2002 374 2039; x_wconf 77' lang='lat' dir='ltr'>habere.</span> 
     </span>
    </p>

    <p class='ocr_par' dir='ltr' id='par_1_10' title="bbox 217 2056 1607 2574">
     <span class='ocr_line' id='line_1_33' title="bbox 317 2056 1566 2107; baseline -0.002 -11"><span class='ocrx_word' id='word_1_284' title='bbox 317 2056 648 2097; x_wconf 84' lang='lat' dir='ltr'>ACTUS=actio</span> <span class='ocrx_word' id='word_1_285' title='bbox 677 2057 703 2092; x_wconf 91' lang='lat' dir='ltr'>i.</span> <span class='ocrx_word' id='word_1_286' title='bbox 722 2070 761 2097; x_wconf 70' lang='lat' dir='ltr'>e.</span> <span class='ocrx_word' id='word_1_287' title='bbox 787 2069 830 2093; x_wconf 85' lang='lat' dir='ltr'>ea</span> <span class='ocrx_word' id='word_1_288' title='bbox 852 2056 1021 2093; x_wconf 88' lang='lat' dir='ltr'>hominis</span> <span class='ocrx_word' id='word_1_289' title='bbox 1055 2056 1225 2092; x_wconf 84' lang='lat' dir='ltr'>conditio</span> <span class='ocrx_word' id='word_1_290' title='bbox 1256 2069 1331 2106; x_wconf 86' lang='lat' dir='ltr'>qua</span> <span class='ocrx_word' id='word_1_291' title='bbox 1364 2063 1446 2093; x_wconf 82' lang='lat' dir='ltr'>rem</span> <span class='ocrx_word' id='word_1_292' title='bbox 1477 2060 1566 2107; x_wconf 79' lang='lat' dir='ltr'>agit,</span> 
     </span>
     <span class='ocr_line' id='line_1_34' title="bbox 221 2110 1566 2164; baseline 0.001 -14"><span class='ocrx_word' id='word_1_293' title='bbox 221 2118 337 2164; x_wconf 78' lang='lat' dir='ltr'>hujus</span> <span class='ocrx_word' id='word_1_294' title='bbox 363 2110 446 2156; x_wconf 65' lang='lat' dir='ltr'>ae&#39;yi</span> <span class='ocrx_word' id='word_1_295' title='bbox 472 2115 615 2161; x_wconf 85' lang='lat' dir='ltr'>scriptt.</span> <span class='ocrx_word' id='word_1_296' title='bbox 640 2114 775 2150; x_wconf 82' lang='lat' dir='ltr'>usitata</span> <span class='ocrx_word' id='word_1_297' title='bbox 799 2115 1085 2162; x_wconf 83' lang='lat' dir='ltr'>significatione,</span> <span class='ocrx_word' id='word_1_298' title='bbox 1111 2121 1313 2162; x_wconf 85' lang='lat' dir='ltr'>praeeunte</span> <span class='ocrx_word' id='word_1_299' title='bbox 1337 2121 1462 2150; x_wconf 84' lang='lat' dir='ltr'>tamen</span> <span class='ocrx_word' id='word_1_300' title='bbox 1487 2129 1566 2153; x_wconf 90' lang='lat' dir='ltr'>uno</span> 
     </span>
     <span class='ocr_line' id='line_1_35' title="bbox 219 2173 1567 2223; baseline -0.001 -10"><span class='ocrx_word' id='word_1_301' title='bbox 219 2178 307 2213; x_wconf 82' lang='lat' dir='ltr'>loco</span> <span class='ocrx_word' id='word_1_302' title='bbox 334 2177 443 2223; x_wconf 83' lang='lat' dir='ltr'>(legg.</span> <span class='ocrx_word' id='word_1_303' title='bbox 460 2179 566 2218; x_wconf 85' lang='lat'><strong>1,11)</strong></span> <span class='ocrx_word' id='word_1_304' title='bbox 605 2173 718 2208; x_wconf 84' lang='lat' dir='ltr'>etiam</span> <span class='ocrx_word' id='word_1_305' title='bbox 753 2173 944 2219; x_wconf 84' lang='lat' dir='ltr'>Cicerone.</span> <span class='ocrx_word' id='word_1_306' title='bbox 992 2175 1078 2209; x_wconf 91' lang='lat' dir='ltr'>Huc</span> <span class='ocrx_word' id='word_1_307' title='bbox 1109 2173 1272 2220; x_wconf 77' lang='lat' dir='ltr'>perlinet</span> <span class='ocrx_word' id='word_1_308' title='bbox 1302 2175 1409 2210; x_wconf 89' lang='lat' dir='ltr'>locus</span> <span class='ocrx_word' id='word_1_309' title='bbox 1441 2176 1567 2212; x_wconf 86' lang='lat' dir='ltr'>Taciti</span> 
     </span>
     <span class='ocr_line' id='line_1_36' title="bbox 220 2231 1566 2280; baseline 0 -11"><span class='ocrx_word' id='word_1_310' title='bbox 220 2233 492 2272; x_wconf 84' lang='lat' dir='ltr'>vexatissimus</span> <span class='ocrx_word' id='word_1_311' title='bbox 517 2231 615 2267; x_wconf 82' lang='lat' dir='ltr'>Hist.</span> <span class='ocrx_word' id='word_1_312' title='bbox 642 2238 675 2275; x_wconf 85' lang='lat'>1,</span> <span class='ocrx_word' id='word_1_313' title='bbox 692 2237 736 2268; x_wconf 83' lang='lat'>12</span> <span class='ocrx_word' id='word_1_314' title='bbox 763 2240 901 2280; x_wconf 81' lang='lat' dir='ltr'>quanto</span> <span class='ocrx_word' id='word_1_315' title='bbox 926 2235 1106 2278; x_wconf 81' lang='lat' dir='ltr'>potentior</span> <span class='ocrx_word' id='word_1_316' title='bbox 1130 2231 1256 2266; x_wconf 78' lang='lat' dir='ltr'>eodem</span> <span class='ocrx_word' id='word_1_317' title='bbox 1291 2237 1381 2266; x_wconf 76' lang='lat' dir='ltr'>actu</span> <span class='ocrx_word' id='word_1_318' title='bbox 1410 2234 1566 2269; x_wconf 80' lang='lat' dir='ltr'>invisior</span> 
     </span>
     <span class='ocr_line' id='line_1_37' title="bbox 218 2289 1565 2339; baseline -0.001 -11"><span class='ocrx_word' id='word_1_319' title='bbox 218 2294 246 2328; x_wconf 87' lang='lat' dir='ltr'>i.</span> <span class='ocrx_word' id='word_1_320' title='bbox 271 2306 304 2328; x_wconf 85' lang='lat' dir='ltr'>e.</span> <span class='ocrx_word' id='word_1_321' title='bbox 332 2291 463 2326; x_wconf 88' lang='lat' dir='ltr'>eadem</span> <span class='ocrx_word' id='word_1_322' title='bbox 487 2290 678 2336; x_wconf 82' lang='lat' dir='ltr'>potentiae</span> <span class='ocrx_word' id='word_1_323' title='bbox 702 2297 740 2325; x_wconf 87' lang='lat' dir='ltr'>et</span> <span class='ocrx_word' id='word_1_324' title='bbox 772 2291 943 2327; x_wconf 77' lang='lat' dir='ltr'>invidiae</span> <span class='ocrx_word' id='word_1_325' title='bbox 975 2290 1055 2335; x_wconf 84' lang='lat' dir='ltr'>ejus</span> <span class='ocrx_word' id='word_1_326' title='bbox 1087 2289 1184 2324; x_wconf 81' lang='lat' dir='ltr'>ratio</span> <span class='ocrx_word' id='word_1_327' title='bbox 1217 2295 1312 2334; x_wconf 86' lang='lat' dir='ltr'>erat;</span> <span class='ocrx_word' id='word_1_328' title='bbox 1351 2295 1395 2324; x_wconf 91' lang='lat' dir='ltr'>ut</span> <span class='ocrx_word' id='word_1_329' title='bbox 1427 2297 1565 2339; x_wconf 82' lang='lat' dir='ltr'>poten-</span> 
     </span>
     <span class='ocr_line' id='line_1_38' title="bbox 217 2346 1563 2398; baseline -0.002 -11"><span class='ocrx_word' id='word_1_330' title='bbox 217 2353 272 2387; x_wconf 79' lang='lat' dir='ltr'>tia</span> <span class='ocrx_word' id='word_1_331' title='bbox 296 2350 417 2386; x_wconf 77' lang='lat' dir='ltr'>crevit</span> <span class='ocrx_word' id='word_1_332' title='bbox 442 2349 494 2384; x_wconf 82' lang='lat' dir='ltr'>ita</span> <span class='ocrx_word' id='word_1_333' title='bbox 519 2360 607 2383; x_wconf 89' lang='lat' dir='ltr'>cum</span> <span class='ocrx_word' id='word_1_334' title='bbox 631 2349 779 2384; x_wconf 84' lang='lat' dir='ltr'>invidia</span> <span class='ocrx_word' id='word_1_335' title='bbox 804 2348 934 2398; x_wconf 77' lang='lat' dir='ltr'>agebat</span> <span class='ocrx_word' id='word_1_336' title='bbox 961 2348 1084 2383; x_wconf 84' lang='lat' dir='ltr'>indies</span> <span class='ocrx_word' id='word_1_337' title='bbox 1108 2346 1262 2392; x_wconf 78' lang='lat' dir='ltr'>majore.</span> <span class='ocrx_word' id='word_1_338' title='bbox 1311 2346 1442 2383; x_wconf 80' lang='lat' dir='ltr'>Simile</span> <span class='ocrx_word' id='word_1_339' title='bbox 1467 2349 1563 2397; x_wconf 86' lang='lat' dir='ltr'>quid</span> 
     </span>
     <span class='ocr_line' id='line_1_39' title="bbox 218 2402 1607 2455; baseline -0.001 -11"><span class='ocrx_word' id='word_1_340' title='bbox 218 2408 321 2455; x_wconf 85' lang='lat' dir='ltr'>apud</span> <span class='ocrx_word' id='word_1_341' title='bbox 345 2409 501 2442; x_wconf 87' lang='lat' dir='ltr'>nullum</span> <span class='ocrx_word' id='word_1_342' title='bbox 525 2418 614 2442; x_wconf 83' lang='lat' dir='ltr'>sane</span> <span class='ocrx_word' id='word_1_343' title='bbox 639 2406 812 2444; x_wconf 83' lang='lat' dir='ltr'>invenias</span> <span class='ocrx_word' id='word_1_344' title='bbox 837 2407 1071 2454; x_wconf 82' lang='lat' dir='ltr'>scriptorem,</span> <span class='ocrx_word' id='word_1_345' title='bbox 1104 2412 1141 2440; x_wconf 73' lang='lat' dir='ltr'>et</span> <span class='ocrx_word' id='word_1_346' title='bbox 1163 2405 1301 2440; x_wconf 82' lang='lat' dir='ltr'>melius</span> <span class='ocrx_word' id='word_1_347' title='bbox 1326 2405 1481 2442; x_wconf 75' lang='lat' dir='ltr'>fortasse</span> <span class='ocrx_word' id='word_1_348' title='bbox 1504 2409 1563 2442; x_wconf 91' lang='lat' dir='ltr'>le—</span> <span class='ocrx_word' id='word_1_349' title='bbox 1606 2402 1607 2406; x_wconf 35' lang='lat'>¹</span> 
     </span>
     <span class='ocr_line' id='line_1_40' title="bbox 218 2461 1562 2515; baseline -0.001 -13"><span class='ocrx_word' id='word_1_350' title='bbox 218 2467 318 2515; x_wconf 75' lang='lat' dir='ltr'>gitur</span> <span class='ocrx_word' id='word_1_351' title='bbox 342 2472 457 2500; x_wconf 74' lang='lat' dir='ltr'>auctu</span> <span class='ocrx_word' id='word_1_352' title='bbox 481 2478 502 2500; x_wconf 86' lang='lat' dir='ltr'>e</span> <span class='ocrx_word' id='word_1_353' title='bbox 527 2464 625 2510; x_wconf 86' lang='lat' dir='ltr'>conj.</span> <span class='ocrx_word' id='word_1_354' title='bbox 652 2467 782 2511; x_wconf 83' lang='lat' dir='ltr'>Lectii,</span> <span class='ocrx_word' id='word_1_355' title='bbox 809 2466 875 2503; x_wconf 91' lang='lat' dir='ltr'>sed</span> <span class='ocrx_word' id='word_1_356' title='bbox 898 2464 988 2500; x_wconf 81' lang='lat' dir='ltr'>libri</span> <span class='ocrx_word' id='word_1_357' title='bbox 1012 2476 1142 2500; x_wconf 88' lang='lat' dir='ltr'>omnes</span> <span class='ocrx_word' id='word_1_358' title='bbox 1167 2461 1354 2501; x_wconf 84' lang='lat' dir='ltr'>exhibent</span> <span class='ocrx_word' id='word_1_359' title='bbox 1376 2471 1480 2502; x_wconf 77' lang='lat' dir='ltr'>actu.</span> <span class='ocrx_word' id='word_1_360' title='bbox 1513 2463 1562 2502; x_wconf 86' lang='lat' dir='ltr'>cf.</span> 
     </span>
     <span class='ocr_line' id='line_1_41' title="bbox 217 2519 1397 2574; baseline -0.001 -14"><span class='ocrx_word' id='word_1_361' title='bbox 217 2526 323 2574; x_wconf 88' lang='lat' dir='ltr'>quod</span> <span class='ocrx_word' id='word_1_362' title='bbox 350 2523 397 2559; x_wconf 91' lang='lat' dir='ltr'>ab</span> <span class='ocrx_word' id='word_1_363' title='bbox 422 2524 496 2559; x_wconf 90' lang='lat' dir='ltr'>hoc</span> <span class='ocrx_word' id='word_1_364' title='bbox 521 2523 638 2560; x_wconf 84' lang='lat' dir='ltr'>verbo</span> <span class='ocrx_word' id='word_1_365' title='bbox 665 2525 851 2573; x_wconf 78' lang='lat' dir='ltr'>originem</span> <span class='ocrx_word' id='word_1_366' title='bbox 875 2523 992 2560; x_wconf 81' lang='lat' dir='ltr'>traxit</span> <span class='ocrx_word' id='word_1_367' title='bbox 1018 2530 1237 2559; x_wconf 83' lang='lat' dir='ltr'>actutum</span> <span class='ocrx_word' id='word_1_368' title='bbox 1261 2519 1397 2559; x_wconf 75' lang='grc' dir='ltr'><em>αὐτίκα.</em></span> 
     </span>
    </p>

    <p class='ocr_par' dir='ltr' id='par_1_11' title="bbox 309 2583 1025 2630">
     <span class='ocr_line' id='line_1_42' title="bbox 309 2583 1025 2630; baseline -0.003 -11"><span class='ocrx_word' id='word_1_369' title='bbox 309 2583 383 2619; x_wconf 86' lang='lat' dir='ltr'>AD</span> <span class='ocrx_word' id='word_1_370' title='bbox 410 2593 448 2617; x_wconf 84' lang='lat' dir='ltr'>v.</span> <span class='ocrx_word' id='word_1_371' title='bbox 474 2593 503 2616; x_wconf 93' lang='lat' dir='ltr'>s.</span> <span class='ocrx_word' id='word_1_372' title='bbox 530 2583 831 2619; x_wconf 86' lang='lat' dir='ltr'>accusativo.</span> <span class='ocrx_word' id='word_1_373' title='bbox 1023 2626 1025 2630; x_wconf 23' lang='lat' dir='ltr'>v</span> 
     </span>
    </p>

    <p class='ocr_par' dir='ltr' id='par_1_12' title="bbox 218 2631 1585 2747">
     <span class='ocr_line' id='line_1_43' title="bbox 310 2631 1560 2689; baseline 0 -12"><span class='ocrx_word' id='word_1_374' title='bbox 310 2640 615 2684; x_wconf 83' lang='lat' dir='ltr'><strong>ADAEQUARE</strong></span> <span class='ocrx_word' id='word_1_375' title='bbox 635 2654 683 2671; x_wconf 87' lang='lat'>=</span> <span class='ocrx_word' id='word_1_376' title='bbox 706 2652 887 2689; x_wconf 81' lang='lat' dir='ltr'>aequare,</span> <span class='ocrx_word' id='word_1_377' title='bbox 920 2631 1184 2689; x_wconf 77' lang='lat' dir='ltr'>aequiparare,</span> <span class='ocrx_word' id='word_1_378' title='bbox 1215 2644 1259 2675; x_wconf 86' lang='lat' dir='ltr'>ut</span> <span class='ocrx_word' id='word_1_379' title='bbox 1278 2639 1389 2687; x_wconf 73' lang='lat' dir='ltr'>‘apud</span> <span class='ocrx_word' id='word_1_380' title='bbox 1421 2639 1560 2688; x_wconf 81' lang='lat' dir='ltr'>prioris</span> 
     </span>
     <span class='ocr_line' id='line_1_44' title="bbox 218 2697 1585 2747; baseline -0.001 -11"><span class='ocrx_word' id='word_1_381' title='bbox 218 2698 305 2736; x_wconf 77' lang='lat' dir='ltr'>aevi</span> <span class='ocrx_word' id='word_1_382' title='bbox 330 2709 414 2741; x_wconf 69' lang='lat' dir='ltr'>sen,</span> <span class='ocrx_word' id='word_1_383' title='bbox 449 2697 513 2733; x_wconf 81' lang='lat' dir='ltr'>sed</span> <span class='ocrx_word' id='word_1_384' title='bbox 540 2697 691 2744; x_wconf 82' lang='lat' dir='ltr'>saepius</span> <span class='ocrx_word' id='word_1_385' title='bbox 721 2700 896 2736; x_wconf 75' lang='lat' dir='ltr'>fortasse:</span> <span class='ocrx_word' id='word_1_386' title='bbox 928 2699 1032 2735; x_wconf 81' lang='lat' dir='ltr'>Ann.</span> <span class='ocrx_word' id='word_1_387' title='bbox 1048 2703 1081 2744; x_wconf 84' lang='lat'>2,</span> <span class='ocrx_word' id='word_1_388' title='bbox 1098 2702 1142 2739; x_wconf 77' lang='grc'>73</span> <span class='ocrx_word' id='word_1_389' title='bbox 1176 2705 1209 2734; x_wconf 68' lang='lat' dir='ltr'>et</span> <span class='ocrx_word' id='word_1_390' title='bbox 1242 2706 1351 2734; x_wconf 78' lang='lat' dir='ltr'>erant</span> <span class='ocrx_word' id='word_1_391' title='bbox 1382 2701 1446 2747; x_wconf 83' lang='lat' dir='ltr'>qui</span> <span class='ocrx_word' id='word_1_392' title='bbox 1466 2698 1585 2746; x_wconf 30' lang='lat' dir='ltr'>sor-s</span> 
     </span>
    </p>
   </div>
  </div>
 </body>
</html>
