1702 2982
1443 51 1457 86 X

631 170 691 215 de
720 136 975 230 Dialogo.
1428 174 1500 208 xl-

3 347 8 352 ἱ
92 312 93 315 ’
125 299 229 338 vato
262 274 422 338 ordine
442 288 783 350 disputationis,¹
817 287 925 331 dum
939 285 1158 346 formam
1187 285 1265 329 sui
1290 284 1478 345 quisque

0 354 14 431 ξ’,
62 419 67 422 ,
125 371 172 409 et
211 362 356 408 animi
381 369 428 407 et
456 360 627 421 ingenii
652 359 876 413 redderet,
918 353 1080 401 iisdem
1117 362 1162 400 et
1199 356 1400 400 numeris
1434 361 1481 400 et

126 431 376 483 rati‘ombts
402 438 757 494 persequeretur.
818 429 929 474 Huc
949 426 1110 472 accedit
1139 427 1288 471 aetatis
1321 426 1357 471 si
1395 442 1483 471 non

125 518 284 567 magna
312 516 357 550 at
385 504 528 566 aliqua
558 513 669 548 certe
700 500 940 555 dive1sitas,
979 515 1074 543 cum
1105 496 1297 558 dialogus
1329 497 1482 542 Domi-

127 577 236 624 tiani
277 575 537 639 temporibus
576 571 837 633 conscriptus
869 570 975 622 s1t1)
985 605 998 626 ,
1040 568 1245 614 historiae
1285 568 1482 614 annales-

129 665 212 712 que
241 646 423 709 Trajani
455 647 624 691 demum
655 654 790 689 aetate
821 642 867 686 in
897 639 1036 685 lucem
1065 639 1320 702 prodierint3
1358 650 1484 701 atque

66 754 67 758 =
127 731 174 766 ut
204 719 251 765 in
279 719 366 764 vita
396 718 620 780 Agricolae
650 729 955 775 nonnunquam
975 712 1044 756 vix
1065 711 1333 775 agnoscimus
1356 727 1488 756 anna-

113 787 234 838 elium
265 791 418 846 stilum,
451 801 492 834 et
521 788 566 833 hi
596 787 723 832 etiam
754 785 883 831 aliam
920 801 1047 847 quam
1077 782 1278 828 historiae
1309 798 1413 845 prae
1445 799 1491 827 se

131 862 274 920 ferunt
298 861 510 922 'dictionis
529 859 726 922 speciem,
757 856 871 901 haud
902 855 1203 911 sanemirum,
1236 853 1396 913 dialogi
1417 853 1491 899 sti-

132 933 221 979 lum
253 933 441 979 oratoria
473 931 655 994 quadam
685 929 876 974 ubertate
905 926 1062 971 laetum
1090 926 1229 986 magis
1269 926 1395 971 etiam
1425 941 1492 970 re-

136 1006 281 1052 cedere
324 1006 378 1050 ab
421 1021 472 1048 eo
517 1000 729 1047 scribendi
771 1016 949 1060 genere,
994 1015 1077 1059 quo
1107 997 1154 1042 in
1184 997 1491 1060 componendis
1541 1020 1546 1026 ·

136 1075 351 1122 annalium
377 1075 498 1120 libris
530 1089 631 1118 usus
663 1081 728 1116 cst
752 1070 932 1116 Tacitus
964 1068 1169 1114 senectuti
1194 1070 1282 1131 jam
1302 1068 1494 1130 propior.

129 1148 200 1194 Et
230 1147 374 1193 multa
415 1158 580 1202 tamen,
633 1144 671 1188 si
714 1142 946 1188 accuratius
995 1158 1085 1186 rem
1135 1138 1496 1202 perpenderimus,

44 1252 57 1273 x
138 1220 336 1281 ejusdem
393 1217 574 1264 auctoris
631 1215 676 1261 in
723 1204 914 1275 ⁸utraque
973 1212 1141 1258 dicendi
1189 1210 1351 1256 ratione
1402 1226 1497 1254 ves-

138 1290 242 1352 tigia
279 1290 556 1335 inveniemus.
616 1287 709 1331 Iam
746 1285 890 1350 ipsum
927 1283 1075 1332 illud
1063 1301 1108 1328 111
1139 1282 1362 1327 annalibus
1396 1296 1499 1342 quo-

143 1378 224 1425 que
270 1360 543 1422 historiisque
590 1358 774 1403 obvium·
804 1355 1042 1417 scriptoris·
1058 1355 1244 1400 studium
1285 1353 1336 1397 de
1376 1351 1500 1397 claris

143 1434 347 1494 cujusque
379 1431 472 1476 aevi
503 1429 764 1483 oratoribus
774 1427 974 1489 judicium
1014 1434 1142 1488 quam
1179 1423 1503 1470 subtilissimum

143 1502 308 1549 ferendi
338 1502 534 1549 rhetorici
555 1501 668 1546 illius
690 1499 788 1545 libri
819 1509 1035 1545 auctorem
1058 1496 1259 1542 'lacitum
1278 1496 1434 1541 indicat
1445 1500 1504 1551 ²),

101 1615 103 1624 ,
145 1574 260 1620 Prae
284 1575 437 1620 'ceteris
472 1574 590 1635 digni
622 1583 720 1617 sunt
753 1571 825 1632 qui
857 1568 1130 1614 conferantur
1159 1569 1204 1613 in
1234 1568 1345 1613 hunc
1375 1568 1504 1612 finem

146 1638 230 1691 loci
251 1645 479 1705 ejusmodi:
511 1646 624 1689 Ann.
648 1644 688 1697 4,
711 1642 764 1685 61
808 1642 867 1700 Q.
887 1641 1111 1685 Haterius
1134 1668 1191 1676 --
1212 1641 1386 1699 impetu
1407 1655 1504 1682 ma-

147 1717 218 1778 gis
248 1732 387 1777 quam
418 1731 527 1759 cura
560 1714 758 1775 vigebat:
790 1719 928 1773 utque
959 1712 1158 1755 aliorum
1188 1709 1428 1754 meditatio
1461 1716 1508 1754 et

151 1787 288 1833 labor
314 1787 361 1831 in
385 1793 626 1847 posterum
659 1784 863 1839 valescit,
895 1783 963 1827 sic
985 1782 1179 1828 Haterii
1205 1796 1429 1826 canorum
1457 1780 1512 1826 il-
1545 1811 1547 1814 -

154 1856 237 1903 lud
273 1864 319 1901 et
346 1855 586 1917 profluens
629 1871 732 1899 cum
774 1855 876 1914 ipso
919 1853 1062 1898 simul
1097 1854 1376 1898 exstinctum
1398 1858 1509 1905 qest.

235 2049 271 2096 ¹)
296 2049 348 2085 V.
385 2046 602 2083 Ernestium
634 2046 682 2082 ad
703 2046 814 2086 ,DiaL
848 2058 910 2094 op.
946 2050 994 2088 39
1026 2051 1064 2081 et
1097 2044 1345 2080 Klossmanni
1382 2046 1516 2081 Prole-

298 2119 462 2156 gomena
493 2110 582 2158 §.94-
615 2119 742 2151 „cum
772 2113 876 2154 Aper
910 2114 944 2142 et
968 2106 1044 2141 Jul.
1076 2104 1272 2140 Secundus
1311 2116 1330 2139 e
1366 2103 1515 2141 disertis

289 2166 379 2215 sere
402 2167 527 2203 verbis
552 2169 720 2203 auctoris
747 2167 845 2203 diem
873 2166 1007 2202 obiisse
1029 2164 1207 2200 videntur
1241 2164 1322 2210 (cp.
1335 2163 1399 2211 2),
1433 2172 1516 2203 tum

301 2228 424 2262 Julius
451 2227 602 2274 quidem
627 2227 823 2263 Secundus
848 2234 939 2262 teste
966 2225 1197 2271 Quintiliano
1225 2224 1320 2269 (10,
1352 2229 1386 2267 1,
1419 2224 1515 2271 120>

300 2287 511 2322 immatura
534 2288 673 2331 morte',
709 2294 805 2323 certe
830 2294 919 2322 ante
945 2292 1075 2321 necem
1101 2285 1330 2327 Domitiani,
1370 2291 1518 2331 ereptus

304 2353 398 2381 erat.
424 2366 473 2373 —-
519 2351 644 2382 Extat
668 2349 782 2383 etiam
808 2349 912 2383 locus
937 2346 1016 2393 (cp.
1039 2350 1083 2383 13
1110 2344 1222 2389 dial.)
1250 2345 1312 2391 qui
1337 2343 1392 2379 ad
1413 2356 1521 2379 mor-

307 2412 381 2441 tem
407 2403 594 2450 Materni,
630 2420 727 2459 quue
760 2413 848 2442 teste
878 2408 998 2442 Dione
1033 2407 1159 2443 Cassio
1193 2404 1285 2450 (67,
1325 2407 1396 2447 12)
1431 2415 1523 2440 cru—-

309 2465 462 2502 delirate
499 2467 712 2502 Domitiani
743 2466 906 2511 accidit,
946 2467 1050 2502 velut
1083 2464 1202 2511 digito
1240 2463 1431 2511 intendere
1461 2465 1523 2500 vi-

313 2524 471 2560 detur.“

246 2595 283 2642 ²)
309 2595 475 2644 Langius
500 2598 526 2634 1.
552 2599 579 2632 l.
606 2598 738 2634 eadem
763 2597 840 2633 sere
865 2597 908 2632 in
936 2596 1091 2644 dialogo
1112 2600 1229 2642 aitque
1261 2592 1304 2629 in
1328 2591 1525 2629 historicis

311 2653 420 2690 libris
451 2655 594 2700 judicia
626 2669 670 2693 ac
703 2657 925 2694 testimonia
959 2656 1006 2692 de
1045 2654 1208 2702 singulis
1239 2651 1452 2689 oratoribus
1483 2650 1526 2687 in

315 2713 488 2750 medium
510 2718 659 2764 prolata
684 2729 764 2754 esse
789 2717 1038 2753 demonstrat.
