1702 2982
243 207 342 271 374'
612 221 898 285 primipilaris
931 250 986 258 —
1020 221 1228 287 Princeps

246 346 345 382 pace
380 348 493 382 aegre
512 334 707 382 ferebant.
757 338 815 371 De
847 335 1042 372 locutione
1073 334 1237 382 pretium
1271 344 1325 372 est
1359 348 1430 384 pro
1462 346 1596 383 operae
1620 329 1625 331 ⁴

246 405 308 441 pr.
334 401 388 429 est
412 393 503 430 vide
527 393 567 429 in
590 396 735 443 Proleg.
762 394 809 429 de
833 394 960 440 ellipsi
985 394 1056 429 litt.
1083 406 1116 430 a.

340 468 665 505 PRIMIPILARIS
690 482 740 506 sc.
767 470 993 506 centurio
1024 470 1092 516 (cf.
1121 470 1360 507 militaris*
1385 476 1423 506 et
1446 465 1613 520 eque-⁴

248 530 363 572 ster)
392 526 414 562 i.
445 539 493 579 e.x
515 527 584 576 qui
610 528 796 575 primipili
823 528 994 563 centurio
1021 528 1104 563 fuit.
1159 527 1459 576 Brimipilarium
1488 540 1599 564 =sum-

247 586 354 620 'mam
382 584 496 621 fuisse
521 585 784 622 auctoritatem
812 592 914 631 patet
939 598 987 620 ex
1014 586 1074 621 his
1099 586 1223 621 Taciti
1247 586 1362 623 locis:
1387 587 1536 632 Ann.2,
1552 592 1594 624 11

247 645 404 690 equitem
430 644 531 680 vado
556 646 742 679 tramittit.
777 643 980 690 praefuere
1003 645 1199 679 Stertinius
1230 651 1270 679 et-
1288 657 1486 686 enumero
1515 647 1598 692 pri-

246 703 484 748 mipilarium
509 704 694 737 Aemilius
704 717 715 745 ;
751 708 806 748 13,
822 704 868 740 36
903 715 1036 738 curam
1062 702 1343 748 praesidiorum
1369 705 1500 738 Paccio
1527 707 1600 741 Or·-

250 761 359 808 pltito
383 754 578 807 primipili'
594 761 731 795 honore
747 759 886 806 functo
911 761 957 807 (i.
973 774 1006 796 e.
1034 759 1481 808 primipilaribmandam
1505 759 1541 805 lt,
1552 765 1598 802 72

251 820 429 855 Olennius
464 833 483 853 e
511 819 814 866 primipilaribus
856 819 1029 868 regendis
1073 821 1204 854 Frisiis
1236 820 1457 866 impositu-55
1499 819 1598 856 Hist.

218 922 227 928 ,
250 883 282 921 1,
302 880 345 918 87
380 880 539 913 Summa
573 879 822 925 expeditionis
854 880 1018 914 Antonio
1053 878 1216 920 Novello,
1253 877 1387 913 Suedio
1425 879 1601 914 Clementi

243 936 546 983 primipilaribus
571 957 618 964 -
642 939 850 984 permissa‚·
885 942 918 980 2,
936 941 981 973 22
1020 937 1196 971 Turulius
1226 936 1380 971 Cerialis
1400 954 1447 964 -
1466 937 1603 983 primi--

250 997 387 1043 pilaris
412 1003 445 1031 et
471 997 655 1031 Caecinae
679 997 786 1031 haud
811 998 966 1040 alienus,
1003 995 1103 1042 quod
1137 994 1284 1030 ordines
1317 996 1356 1035 in
1393 997 1600 1035 Germania

249 1054 438 1095 duxeram
470 1053 504 1099 4,
523 1058 567 1091 15
601 1062 882 1102 congregantur
908 1055 1003 1089 duce
1037 1054 1200 1100 Aquillio
1229 1053 1475 1099 primipilari.
1525 1055 1600 1088 Le·-

248 1112 350 1159 gitur
375 1112 414 1148 h.
441 1125 478 1149 v.
505 1112 620 1148 etiam
647 1125 708 1159 ap.
736 1112 897 1158 Quintil.
934 1118 970 1146 et
997 1111 1038 1145 in
1073 1111 1263 1157 inscriptt.
1324 1109 1379 1146 Cf.
1417 1110 1517 1147 Cort.
1549 1110 1598 1146 ad

250 1172 338 1207 Sall.
365 1173 451 1218 Jug.
466 1177 511 1209 38
538 1179 574 1208 et
599 1174 780 1220 Veget.2‚
797 1177 816 1208 8
843 1171 890 1205 de
919 1173 1043 1216 primo
1074 1172 1257 1215 principe,
1293 1172 1416 1216 primo
1450 1170 1599 1204 hastato

249 1236 285 1264 et
308 1224 437 1277 primo
452 1232 528 1276 pilo
554 1243 584 1264 s.
611 1230 800 1277 primipilo
827 1228 851 1263 i.
872 1241 903 1263 e.
931 1227 1151 1263 centurione
1178 1227 1292 1274 primi
1319 1227 1463 1263 ordinis
1489 1227 1599 1274 prin-

249 1287 392 1335 cipum,
420 1289 665 1332 hastatorum‚
696 1287 922 1324 triariorum.

343 1365 536 1407 PRIMUM
566 1363 608 1407 in
642 1362 926 1403 enumeratione
953 1361 1054 1396 haud
1088 1371 1172 1395 raro
1201 1361 1386 1397 omittitur
1420 1372 1442 1395 a
1465 1360 1598 1397 Tacito

249 1420 350 1457 Vide
383 1421 424 1457 in
460 1423 603 1468 proleg,
644 1421 690 1462 de
726 1420 852 1467 eUipsi
887 1420 959 1459 litt.
986 1431 1018 1456 c.
1046 1420 1113 1466 (cf.
1147 1418 1339 1461 Drakenb.
1367 1418 1414 1454 ad
1440 1418 1597 1462 Liv.22,

249 1478 307 1524 43,
323 1485 364 1523 3;
393 1478 524 1523 34,19,
542 1481 594 1526 8).
645 1479 750 1515 Idem
778 1479 854 1520 fere
886 1484 942 1519 est
967 1478 1069 1526 quod
1095 1480 1221 1512 statim
1248 1477 1352 1513 Anu.
1368 1475 1424 1521 14,
1440 1477 1485 1515 63
1509 1478 1601 1514 huic

248 1541 413 1586 primum
452 1540 668 1584 nuptiarum
704 1538 781 1572 dies
816 1538 894 1572 loco
917 1535 1071 1582 funeris
1105 1535 1192 1579 fuit,
1231 1535 1416 1575 deductae
1449 1537 1490 1571 in
1527 1535 1599 1571 do<-

251 1609 369 1640 mum‚
401 1598 441 1631 in
467 1607 540 1642 qua
566 1597 660 1633 nihil
685 1597 761 1631 nisi
786 1597 996 1630 luctuosum
1023 1594 1187 1634 haberet.

347 1678 584 1722 PRINCEPS,
615 1677 641 1713 i.
669 1690 700 1712 e.
735 1676 884 1724 proprie
913 1679 1091 1723 princeps
1121 1662 1411 1722 senatus-‚inde
1445 1674 1492 1710 ab
1516 1676 1603 1711 Au.-

252 1741 361 1783 gusto
398 1736 580 1776 sollennis
617 1736 888 1782 imperatorum
923 1742 1000 1771 erat
1036 1735 1189 1778 titulus,
1228 1745 1346 1782 quem
1382 1735 1600 1770 Maecenate

251 1800 403 1828 auctore
429 1795 622 1842 Augustus
658 1793 800 1840 primus
825 1793 1098 1840 adsumpserat,
1134 1804 1183 1835 ne
1214 1792 1315 1840 regis
1341 1793 1405 1828 vel
1439 1791 1600 1827 dictato-

251 1850 301 1886 ris
335 1852 490 1887 nomine
524 1853 687 1898 populus
722 1850 974 1886 offenderetur
1006 1853 1191 1895 Ann.1,1
1230 1857 1424 1901 Augustus
1458 1857 1599 1886 cuncta
1636 1844 1664 1856 '⁷

252 1908 452 1945 discordiis
479 1909 655 1944 civilibus
677 1908 792 1953 fessa
819 1912 971 1944 nomine·
994 1912 1177 1957 principis
1209 1909 1278 1946 sub
1305 1910 1502 1955 impenium
1529 1921 1614 1961 ac-⁸

252 1969 357 2013 cepit,
385 1974 477 2003 teste
502 1967 626 2001 Dione
653 1967 801 2003 cassio:
835 1965 1030 2015 πρόκριτᾶς
1054 1982 1095 2004 τε
1129 1966 1193 2013 τῆς
1224 1971 1407 2020 γερουσίας
1431 1964 1526 2004 κατὰ
1555 1966 1599 2003 vd

254 2022 407 2071 α’ρχαῖον
443 2024 661 2069 ω’νομιίζετο.
718 2025 859 2059 Eodem
894 2027 1008 2060 modo
1048 2016 1237 2073 principes
1265 2026 1482 2070 juventutis*
1504 2024 1599 2074 dicti

252 2090 341 2126 sunt
367 2084 635 2130 imperatorum
663 2082 730 2116 filii
757 2083 803 2117 ad
826 2083 1094 2119 declinandam
1116 2084 1390 2128 dominationis
1411 2083 1598 2123 invidiam

253 2142 372 2186 (Ann.
396 2148 426 2184 1,
451 2147 472 2178 3
504 2143 648 2189 genitos
681 2143 854 2187 Agrippa
890 2142 1020 2184 Cajum
1055 2153 1104 2176 ac
1137 2144 1295 2183 Lucium
1312 2162 1381 2177 «e
1407 2142 1598 2190 principes

244 2200 449 2242 juventutis
475 2202 660 2245 appellari
685 2223 730 2228 -—
756 2202 950 2247 cupiverat
978 2200 1204 2246 Augustus),
1237 2212 1326 2242 cum
1357 2199 1453 2246 reip,
1479 2199 1595 2235 etiam

253 2257 488 2304 temporibus
507 2270 726 2304 procerum,
761 2257 929 2292 maxime
954 2258 1124 2305 equitum
1155 2256 1223 2292 filii
1258 2264 1406 2303 patrum
1440 2257 1596 2305 ingenio
1642 2253 1645 2255 ’

253 2323 290 2349 et
315 2316 536 2351 auctoritate
562 2328 668 2363 spem
693 2316 750 2352 sui
776 2318 912 2350 laetam
947 2315 1154 2350 excitantes
1187 2321 1223 2349 et
1256 2313 1330 2360 ipsi
1357 2312 1509 2363 equifes
1544 2316 1597 2351 ita

252 2373 434 2419 appellati
461 2382 595 2409 essent.
646 2377 723 2409 Nec
749 2378 837 2410 sane
863 2372 1058 2408 dissimilis
1085 2379 1163 2408 erat
1187 2372 1301 2417 hujus
1333 2372 1388 2408 rei
1413 2373 1535 2418 ratio-2
1554 2380 1598 2410 ut

253 2431 354 2465 enim
379 2431 548 2479 equitum
579 2433 671 2467 ordo
698 2431 939 2475 seminarium
974 2430 1084 2478 quasi
1112 2437 1192 2466 erat
1217 2436 1378 2473 senatus,
1405 2430 1458 2465 ita
1491 2431 1597 2478 prin—-

253 2489 357 2534 cipes
378 2489 603 2532 *juventutis
639 2490 697 2525 his
730 2489 980 2537 temporibus„
995 2488 1162 2535 proximi
1192 2494 1299 2523 erant
1331 2487 1596 2535 imperatoriae

254 2546 437 2594 dignitati.
498 2547 552 2584 Cf.
587 2549 667 2584 Liv.
688 2547 746 2590 42,
769 2549 811 2585 61
856 2550 1058 2594 equitatum
1100 2551 1313 2582 Romanum
1348 2565 1394 2573 -
1417 2546 1593 2592 fitdistis.

254 2607 404 2651 Equites
427 2608 523 2640 enim
551 2608 624 2640 illis
647 2609 839 2652 principes
865 2607 1078 2650 juventutis,
1106 2606 1244 2651 equites
1270 2607 1510 2640 seminarium
1536 2618 1597 2640 se-

255 2670 384 2697 natus.-
419 2664 507 2698 inde
540 2666 651 2700 lectos
686 2663 733 2699 in‘
758 2671 908 2709 patrum
935 2676 1132 2698 numerum
1159 2664 1337 2706 consules,
1363 2664 1452 2699 inde
1474 2666 1594 2709 impe-

255 2729 395 2756 ratores
422 2730 562 2758 meant.
589 2743 634 2749 -
685 2723 781 2758 Hist.
799 2728 832 2768 2,
851 2721 898 2763 94
923 2722 1061 2757 liberti-
1070 2722 1285 2768 principum
1310 2728 1398 2756 sunt
1421 2721 1524 2757 servi
1547 2720 1594 2755 ab
