1702 2982
1047 89 1072 99 s

522 182 770 230 Concaedes
801 210 857 219 -
890 182 1081 255 Ccncors
1402 187 1486 230 103
1529 232 1532 239 .

184 313 198 324 κ
220 297 510 341 CONCAEDES
534 297 706 347 (vaget,
730 294 949 344 Ammian.)
979 296 1086 337 Anu,
1102 301 1137 341 1,
1151 302 1198 347 50
1229 297 1353 343 latero
1385 309 1480 341 con-

125 357 307 396 caedibus
328 358 461 395 munit.
1024 398 1029 412 φ

219 414 518 459 ΟΟΝΟΕΒΕΒΕ
537 413 577 461 1)
598 427 645 446 =
664 411 967 464 condonare,
992 418 1030 450 et
1053 412 1108 449 ita
1131 412 1300 462 quidem,
1325 419 1369 452 ut
1391 413 1478 451 ali-

114 470 265 526 'quem
288 471 559 510 concedere
592 471 749 509 alicui
781 471 932 509 dicatur
962 483 1035 520 pro
1067 470 1223 511 vitam
1253 471 1477 519 alicujus

123 531 278 570 alicui
302 542 390 568 con
400 542 456 578 c.,
482 530 588 580 quod
612 530 717 578 apud
740 530 837 567 alios
861 542 947 567 raro
971 528 1177 575 inveneris,
1203 535 1247 566 ut
1272 530 1348 567 Cic.
1372 532 1479 567 Mar-

123 592 210 628 cell.
225 595 244 629 1
270 591 502 627 Marcellum
526 591 676 631 senatui
698 590 908 638 populoque
931 592 1099 626 Romano
1124 589 1352 627 concessisti.
1375 591 1478 625 Ann.

123 654 158 695 2,
177 654 223 688 55
249 650 339 698 quia
365 649 611 697 Theophilum
644 648 839 697 quendam
861 668 909 676 —
933 647 1108 696 precibus
1137 648 1217 683 suis
1239 659 1316 683 non
1335 647 1481 684 conde-

123 714 206 745 rent
213 724 228 754 ‚·
257 705 294 754 4,
315 712 361 747 31
397 708 609 744 Cominium
633 726 682 734 —-
706 706 878 755 probrosi
907 707 949 743 in
979 718 1020 742 se
1050 707 1234 743 carminis
1266 707 1481 743 convictum

126 772 267 806 Caesar
295 765 472 814 precibus
498 765 645 813 fratris
668 764 716 792 -'-
740 766 944 810 conces-sit,-
980 764 1037 811 16,
1057 769 1104 803 33
1136 767 1349 801 Montanus
1375 765 1482 811 patri

124 836 331 863 concessus·
356 831 424 861 est.
481 823 538 862 Cf.
570 823 831 869 temittere.
879 825 930 869 2)
962 837 1011 854 =
1042 821 1214 859 cedere
1245 822 1272 859 i.
1297 835 1332 859 e.
1364 821 1483 858 infe-

123 884 303 920 riorem
325 893 431 921 esse
448 882 555 932 (Cic.
581 885 690 919 Rosc.
715 879 861 920 Am.40
885 887 923 917 et
947 878 1124 929 saepiusj
1141 881 1249 917 Ann.
1263 885 1321 926 11,
1340 878 1389 919 24
1412 891 1483 917 nec

124 954 247 980 amore
268 943 310 977 in
331 941 437 979 hanc
460 944 628 990 patriam
653 939 762 976 nobis
786 939 999 978 concedunt
1007 955 1020 984 ;
1052 938 1152 978 Hist.
1166 944 1201 984 3,
1217 937 1264 978 64
1287 952 1335 976 ne
1356 943 1482 975 Anto-

123 1004 186 1039 nio
223 1004 394 1049 Varoque
428 999 476 1037 de
507 1002 632 1048 gloria
671 999 919 1036 concederent
928 1014 942 1044 3
987 1002 1082 1043 15‚2
1115 998 1220 1036 hunc
1252 994 1320 1047 e‘go
1351 998 1482 1036 eodem

123 1073 273 1097 mecum
295 1067 406 1111 patre
426 1061 609 1108 genitum,
636 1069 725 1095 cum
749 1059 843 1094 mihi
867 1070 936 1106 per
959 1064 1123 1094 aetatem
1155 1069 1303 1095 summo
1336 1059 1484 1095 nomine

124 1118 379 1164 concessisset,
409 1121 450 1155 in
473 1114 971 1166 possessionem-Armeniae
996 1116 1158 1153 deduxi.
1208 1115 1312 1161 3)=
1330 1116 1480 1164 abire,

123 1178 361 1223 transire,
387 1176 545 1214 comicis
574 1175 754 1221 maxime,
781 1175 848 1222 sec}
871 1174 1048 1213 Ciceroni
1071 1174 1198 1220 etiam,
1223 1174 1348 1223 Livio,
1374 1174 1483 1211 aliis-

124 1250 201 1287 que
224 1232 408 1284 usurpeta
431 1235 531 1284 sign.
555 1236 657 1271 Ann-
677 1239 733 1279 15,
751 1240 773 1273 5
806 1236 885 1282 ipse
917 1240 1015 1270 retro
1047 1233 1220 1270 concedit
1225 1250 1241 1281 ,-
1272 1233 1373 1271 Hist.
1386 1239 1422 1279 2,
1437 1238 1482 1272 51

53 1287 75 1339 'f'
123 1298 237 1333 venia
270 1297 401 1332 statim
423 1295 623 1342 impetrata
647 1293 937 1330 concedentibus
962 1292 1018 1328 ad
1040 1294 1219 1329 victorem
1228 1309 1242 1338 3
1272 1295 1376 1330 Ann.
1389 1298 1423 1337 1,
1439 1296 1485 1334 79

83 1358 86 1360 “
125 1356 338 1404 superstitio
361 1353 496 1398 valuit,
529 1359 570 1388 ut
602 1354 643 1387 in
672 1354 895 1388 sententiam
923 1351 1076 1387 Pisonis
1107 1351 1384 1396 concederetur,
1421 1351 1486 1398 qui

125 1417 183 1464 nil
205 1413 434 1452 mutandum
461 1418 656 1449 censuerat
665 1426 677 1455 ‚·
709 1411 856 1457 Hisne,
875 1415 921 1449 33
955 1424 1003 1447 ne
1027 1412 1112 1459 quis
1138 1410 1290 1448 obviam
1317 1410 1373 1446 ire
1398 1420 1486 1444 sen-

126 1476 264 1512 tentiae
287 1472 453 1516 auderet,
479 1472 521 1506 in
545 1470 805 1506 adulationem
830 1476 1107 1505 concesserant.
1158 1469 1216 1507 cf.
1243 1468 1323 1506 Cio.
1348 1467 1484 1514 fragm.

127 1532 251 1570 Acad.
274 1534 308 1568 si
332 1533 374 1567 in
398 1531 482 1566 illos
506 1536 572 1564 aut
596 1531 636 1566 in
660 1531 751 1565 istos
783 1529 1018 1575 concesserit,
1053 1527 1104 1564 ab
1137 1529 1190 1564 eis
1221 1538 1315 1575 Quos
1348 1525 1485 1562 deserit

127 1594 288 1628 insanus
311 1609 360 1616 --
392 1587 638 1625 clamabitur.
687 1586 730 1634 4)
761 1602 809 1619 .--
839 1587 981 1633 mori,
1017 1586 1282 1623 concedere
1310 1582 1416 1623 vitiu
1446 1590 1494 1621 v.'

128 1650 173 1687 in
195 1647 477 1695 Prolegomenis
502 1647 549 1682 de
573 1646 755 1683 varietate
781 1644 862 1682 stili
885 1645 1044 1682 Tacitei.
1103 1662 1106 1663 ⁷

227 1701 588 1746 CONCERTATOR
613 1717 675 1751 ap.
701 1706 828 1740 solum
861 1703 1039 1740 Tacitum
1068 1705 1172 1738 Ann.
1189 1699 1246 1747 14,
1260 1707 1308 1745 29
1343 1699 1488 1739 Corbu-

130 1769 230 1805 lonis>
251 1771 485 1803 concertator
516 1763 544 1799 i.
567 1775 601 1800 e.
625 1763 813 1799 aemulus.
863 1762 941 1800 Cic.
967 1773 1059 1800 usus
1083 1767 1141 1799 est
1164 1759 1354 1808 adjectivo
1377 1769 1487 1796 con-

131 1823 436 1864 certatorius.

227 1884 435 1922 CONGIRE
461 1887 497 1917 et
525 1880 780 1926 CONCIERE,
814 1878 913 1915 illud
943 1890 1030 1916 raro
1062 1890 1125 1926 ap.
1158 1877 1274 1924 aiios,
1308 1882 1347 1915 et
1378 1887 1490 1913 con-

131 1942 346 1983 vocandi
376 1948 413 1978 et
437 1937 778 1977 commovendi
803 1936 1190 1985 concitandique
1213 1934 1488 1984 significatione

132 2003 264 2041 Tacito
297 2000 418 2048 magis
445 2009 562 2047 quam
594 1995 789 2044 prioribus
824 1995 1035 2045 ceterisque
1069 1995 1184 2031 etiam
1216 1995 1489 2044 frequentatur.

131 2063 232 2098 Hist.
247 2065 282 2105 5,
297 2065 342 2102 19
377 2058 487 2095 ceteri
511 2056 750 2091 miseratione
775 2067 825 2091 ac
850 2054 960 2091 donzis
985 2055 1137 2090 auxilia
1163 2053 1367 2090 concibant
1393 2054 1491 2087 inter

131 2128 258 2171 gentes
281 2118 535 2167 periculorum
560 2114 725 2156 avidas‚·
752 2111 822 2158 1,4
848 2111 950 2157 finis
973 2115 1135 2149 Neronis
1157 2133 1206 2139 —-
1231 2123 1352 2149 omnes
1376 2111 1493 2158 legio-

133 2193 200 2216 nes
235 2179 423 2225 ducesque
455 2175 691 2218 conciverat5
731 2173 837 2209 Ann.
861 2175 926 2219 17,
950 2175 994 2213 17
1028 2172 1296 2208 adcusatorem
1322 2171 1494 2207 'concivit

133 2237 300 2276 Fabium
330 2240 572 2275 Romanunm
613 2237 677 2278 15,
698 2228 747 2273 49
778 2231 887 2275 cujus
919 2232 1101 2268 instinctu
1132 2233 1317 2267 concitum
1347 2231 1395 2265 sit
1425 2227 1494 2275 (de

136 2294 418 2344 conjuratione)
443 2292 544 2341 quod
567 2299 648 2328 tam
674 2291 783 2326 multi
808 2296 1050 2338 sumpserunt
1059 2304 1072 2334 ‚·
1099 2295 1156 2336 12,
1172 2295 1217 2328 15
1243 2290 1391 2326 concire
1412 2298 1493 2323 na-

135 2359 265 2400 tiones,
289 2355 441 2390 inlicere
463 2351 673 2400 persuga-s5
699 2353 816 2394 11,19
842 2360 912 2384 cur
935 2349 1078 2384 hostem
1105 2352 1280 2386 conciret.

232 2412 477 2451 CONCITOR
503 2409 618 2455 (Liv.,
643 2407 804 2453 Justin.;
838 2405 991 2454 saepius
1022 2418 1084 2455 ap.
1120 2407 1199 2445 Cic.
1233 2412 1272 2443 et
1303 2404 1400 2441 alios
1433 2403 1495 2439 in-

139 2472 294 2509 venitur
324 2469 625 2513 concitator,
657 2472 701 2502 ut
732 2466 833 2501 Hist.
847 2471 883 2510 3,
902 2470 939 2502 2v
959 2465 1046 2501 belli
1079 2464 1308 2511 concitator)
1341 2459 1494 2506 Ann.4‚

142 2535 188 2568 28
218 2535 257 2566 et
286 2528 383 2564 Hist.
396 2526 432 2572 4,
447 2527 494 2566 56
527 2528 734 2563 concitores
767 2524 867 2567 belli.
917 2523 973 2561 ef.
1003 2523 1088 2561 Liv.
1110 2529 1169 2570 23,
1191 2522 1260 2570 413
1286 2527 1345 2567 29,
1364 2526 1401 2566 3,
1425 2518 1494 2555 ubi

142 2587 277 2625 eadem
299 2588 491 2634 leguntur.

239 2645 460 2683 CONCORS
482 2645 589 2681 Anu.
603 2650 662 2689 11,
677 2647 722 2684 37
740 2642 897 2691 florenti
911 2640 1025 2686 filiae
1048 2641 1157 2678 haud
1189 2651 1369 2682 concor53
1401 2642 1436 2681 3,
1450 2642 1497 2675 33

147 2702 373 2743 concordem
395 2703 469 2741 sibi
493 2702 694 2753 coniugem
726 2702 798 2750 (ita
822 2709 911 2737 cum
934 2700 1067 2738 dativo
1095 2700 1184 2737 Sen.
1211 2698 1259 2735 de
1282 2710 1322 2736 v.
1343 2693 1454 2733 beata
1480 2694 1501 2732 8
