1702 2982
460 736 1124 823 Praefatil).

110 946 239 1037 De
269 989 449 1036 consilio
483 993 641 1054 quod
627 1012 673 1039 m
703 994 786 1040 hoc
826 995 937 1043 libro
976 999 1144 1045 edendo
1182 1012 1351 1047 secutus
1390 1004 1472 1059 sim

107 1081 235 1134 atque
267 1072 318 1117 de
347 1073 530 1121 instituti
561 1078 645 1124 mei
674 1079 865 1125 ratione
882 1100 976 1127 cum
1019 1085 1249 1146 profligato
1290 1088 1381 1147 jam
1422 1104 1472 1135 ac

104 1171 241 1217 paene
271 1155 328 1201 ad
358 1157 486 1204 finem
516 1161 715 1223 perducto
747 1162 895 1211 labore
928 1165 1223 1214 disserendum
1249 1166 1354 1215 mihi
1375 1187 1471 1217 esse

103 1232 321 1295 censeam,
350 1251 397 1286 ut
434 1242 554 1288 brevi
590 1245 823 1307 perfungar
854 1259 896 1293 et
927 1248 1054 1295 altius
1094 1262 1238 1298 tamen
1277 1265 1469 1316 repetam
1499 1277 1501 1282 ·

103 1337 193 1366 rem
226 1339 320 1368 cum
349 1341 427 1386 per
470 1342 516 1371 se
559 1329 857 1389 gravissimam
888 1342 976 1377 tum
1018 1334 1075 1379 ad
1116 1335 1272 1381 rectius
1314 1337 1470 1398 dijudi-

96 1399 284 1451 'candum
323 1424 431 1469 opus
475 1425 507 1454 a
540 1427 608 1455 me
653 1425 894 1476 susceptum
936 1416 1111 1470 maximi
1151 1417 1336 1464 futuram
1377 1438 1467 1466 mo-

99 1489 243 1545 menti,
273 1490 421 1552 paucis
455 1509 680 1555 exponam,
717 1496 888 1559 qualem
919 1499 962 1545 in
993 1502 1271 1554 emendandis
1294 1503 1466 1549 melius-
1520 1548 1527 1565 J

33 1564 35 1566 ’
101 1585 180 1632 que
204 1567 482 1620 ¹instituendis
516 1588 558 1622 et
588 1577 733 1624 lexicis
778 1592 820 1626 et
844 1576 1143 1645 grammaticis
1182 1584 1342 1634 latinae
1382 1587 1464 1632 lin-

15 1660 30 1683 ἐ
97 1670 204 1713 guae
234 1656 440 1704 rationem
471 1659 702 1707 ineundam
743 1680 837 1709 esse
879 1667 1074 1712 arbitrer.
1136 1668 1188 1713 Id
1220 1670 1333 1716 enim
1366 1688 1464 1716 con-

67 1789 71 1792 ¹
98 1747 182 1799 stat
211 1730 324 1784 inter
355 1757 504 1786 omnes
535 1743 713 1789 idoneos
758 1746 978 1794 dumtaxat
1018 1749 1157 1814 hujus?
1184 1752 1248 1798 rei
1288 1753 1464 1814 judices,

94 1823 363 1882 quantumvis
405 1826 574 1886 egregia
615 1838 766 1873 nostro
807 1831 1081 1893 potissimum
1125 1850 1230 1899 aevo
1275 1837 1465 1883 doctissiu

93 1919 260 1949 morum
300 1907 487 1953 studium
533 1909 720 1956 virorum
757 1912 802 1958 in
845 1913 926 1959 hae
966 1915 1203 1976 litterarum
1241 1920 1463 1981 provincia

90 1987 363 2048 praestiterit,
395 1990 604 2038 nihildum
636 2005 780 2041 tamen
810 1997 1047 2059 perfectum
1072 2001 1362 2066 'omnibusque
1383 2022 1463 2048 nu-

53 2108 55 2110 .
89 2069 216 2115 meris
247 2081 335 2117 tam
367 2073 610 2121 absolutum
642 2094 752 2135 esse,
795 2090 842 2125 ut
878 2081 924 2127 in
966 2099 1018 2127 eo
1050 2085 1318 2147 acquiescere
1360 2105 1461 2150 pos·
1512 2102 1516 2108 ·

79 2151 239 2199 simus·
310 2156 455 2202 Multa
509 2158 750 2208 etiamnunc
799 2163 1094 2212 desiderantur
1143 2186 1238 2214 cum
1282 2169 1327 2215 in
1365 2170 1461 2233 ipsa

88 2236 315 2283 verborum
347 2235 787 2307 significationumque
821 2264 967 2294 eorum
999 2253 1332 2307 enumeratione,
1371 2264 1461 2298 tum

87 2317 133 2364 in
179 2321 432 2384 explicanda
477 2329 757 2403 grammatica
805 2339 949 2376 eorum
997 2345 1229 2393 structura,
1280 2352 1458 2398 quorum

88 2411 231 2449 tamen
261 2406 457 2470 exempla
489 2411 732 2472 suppeditat
764 2432 858 2459 cum
892 2432 992 2461 cura
1031 2433 1081 2463 ac
1126 2406 1348 2479 diligentia
1392 2419 1456 2465 in-

27 2510 57 2543 ⁷.
89 2486 235 2541 stituta
267 2489 519 2552 scriptorum
550 2491 701 2550 lectio3
743 2497 877 2543 multa
915 2516 1002 2545 non
1033 2500 1135 2546 satis
1169 2512 1271 2564 apto
1305 2498 1455 2548 ordine

87 2571 321 2632 composita
350 2573 545 2636 leguntur
575 2578 701 2624 etiam
732 2579 777 2625 in
815 2582 1009 2644 optimis,
1046 2601 1238 2647 quosque
1269 2582 1454 2632 maxime

84 2651 131 2697 in
159 2652 226 2699 his
257 2655 381 2701 rebus
421 2658 548 2705 duces
591 2661 818 2725 sequimur,
857 2664 991 2712 libris.
1051 2667 1113 2713 Et
1153 2669 1200 2713 in
1242 2685 1466 2730 gramma--

83 2734 177 2782 ticis
210 2738 383 2800 quidem
414 2741 623 2804 plurimis,
665 2763 718 2791 ne
758 2747 897 2794 dicam
940 2751 1151 2807 omnibus,
1194 2751 1236 2797 id
1267 2752 1454 2813 primum

1587 1178 1648 1215 *e-
