1702 2982
347 213 405 258 de
437 198 1100 278 stiliz'Taeiteitwvarietate.
1125 279 1128 280 7
1315 227 1458 263 LXXIII

107 331 368 385 malebant3
397 330 495 392 Jug.
517 340 574 375 32
586 329 730 392 suere
759 331 842 391 qui
867 348 980 377 auro
1005 335 1220 393 corrupti
1246 335 1458 395 elephan-

107 410 183 448 tos
213 396 493 464 -Jugurt'hde
547 401 796 458 traderent,
857 403 943 447 alii
980 405 1208 464 perfugas
1259 408 1457 463 vendere,

101 490 222 534 pars
269 489 331 519 ea·
366 473 557 532 pacatis
598 473 802 532 praedas
828 475 1059 535 agebant.
1121 475 1226 521 Vid.
1248 477 1306 523 ibi
1337 478 1459 523 Cort.

109 543 181 591 Cf.
208 543 533 591 Drakenborch.
562 544 619 588 ad
657 543 754 590 Liv.
786 555 828 600 4,
851 555 892 600 2,
913 556 960 600 73
1003 545 1135 592 Held.
1166 547 1221 592 ad
1254 548 1380 593 Caes.
1402 549 1459 594 Β.

40 669 43 671 ,
108 614 163 661 C.
184 618 226 673 -,1
248 620 303 660 83
326 626 367 661 et
396 615 447 660 de
480 614 776 662 anacoluthis
763 633 809 660 1n
832 616 1049 663 Ciceronis
1070 617 1192 696 libris
1216 618 1268 664 de
1290 618 1460 668 Officiis

107 703 304 735 excursus
335 685 599 733 Gernhardi.

283 818 340 864 H.
370 818 449 864 De
483 817 601 864 stili
633 790 843 865 Tacitei
873 819 1160 868 brevitate.

225 903 279 948 In
309 918 360 948 eo
391 901 507 947 haud
527 902 652 948 dubie
675 919 822 948 omnes
846 905 1125 962 consentiunt,
1157 904 1480 969 proprietatem‘

108 973 196 1020 stili
225 972 395 1019 Tacitei'
424 974 605 1035 maxime
647 974 761 1019 cerni
799 975 844 1020 in
876 976 1080 1021 orationis
1120 978 1289 1023 concisa
1320 980 1460 1027 brevi-

108 1056 215 1102 tate,
262 1056 303 1091 et
335 1045 406 1107 qui
436 1046 601 1107 penitus
634 1063 728 1091 eam
771 1046 1108 1110 introspicientes
1150 1067 1298 1095 omnes
1332 1052 1463 1097 etiam

106 1116 279 1162 intimos
311 1117 515 1198 abruptae
547 1134 851 1179 nonnunquam
874 1119 1067 1164 dictionis
1099 1138 1291 1167 recessus
1316 1123 1462 1185 perlu-

107 1198 310 1244 strarant,
341 1205 392 1233 eo
423 1189 518 1251 ipso
549 1188 719 1233 nomine
752 1187 956 1235 Tacitum
988 1208 1111 1236 suum
1143 1193 1343 1275 amplexi
1360 1213 1463 1259 prae

67 1273 70 1275 ·
108 1259 256 1305 ceteris
287 1260 525 1304 omnihus
513 1279 557 1306 1n
590 1262 751 1307 deliciis
783 1262 955 1309 habent.
1017 1261 1183 1309 Taedet
1203 1281 1276 1309 eos
1309 1266 1345 1310 si
1375 1284 1464 1312 non

107 1330 154 1376 in
195 1331 411 1388 omnibus,
457 1343 500 1377 at
541 1334 586 1378 in
623 1333 814 1397 plurimis
854 1344 996 1378 tamen
1034 1333 1331 1382 Romanorum
1362 1340 1462 1384 scri-

108 1401 303 1466 ptoribus
345 1402 541 1464 legendis
581 1405 924 1466 quotidianarum
972 1406 1093 1467 quasi
1134 1406 1379 1454 Latinitatis
1423 1421 1466 1455 et

108 1490 211 1518 vero
243 1473 370 1519 ctiam
406 1474 567 1537 ingenii
597 1475 851 1532 formarum,
899 1477 1036 1550 primo
1079 1479 1220 1523 statim
1260 1481 1466 1544 adspectu

109 1560 280 1597 omnem
326 1562 410 1607 qua
450 1548 666 1608 praeditae
709 1559 806 1593 sunt
847 1543 1111 1595 venustatem
1166 1551 1341 1596 vixdum
1388 1570 1464 1614 ap-

109 1618 495 1680 propinquantibus
538 1619 873 1676 obtrudentium,
919 1620 1019 1666 dum
1060 1623 1322 1680 admirantur
1360 1624 1466 1669 divi-

111 1704 213 1733 nam
242 1688 401 1749 ingenii
434 1688 476 1733 Γ
480 1700 602 1733 ac1te1
631 1688 803 1747 faciem,
846 1708 928 1752 quo
970 1693 1147 1755 propius
1185 1695 1242 1738 ad
1273 1712 1367 1739 eam
1399 1712 1466 1741 ac-

118 1759 286 1813 cedunt,
320 1775 403 1820 quo
434 1758 633 1803 intentius
667 1761 706 1805 ei
736 1761 969 1817 inhaerent,
1002 1780 1054 1808 eo
1083 1764 1208 1808 altius
1241 1777 1466 1827 penetran-

116 1841 206 1876 tem
237 1829 560 1892 adspicientium
582 1831 761 1879 animos
823 1834 994 1893 Quodsi
1025 1836 1203 1898 quaeiis,
1235 1837 1345 1882 unde
1367 1855 1467 1900 pro-

116 1901 328 1947 ficiscatur
358 1912 401 1956 et
431 1901 533 1962 quid
563 1902 645 1948 sibi
674 1903 774 1949 velit
805 1906 1013 1950 taciturna
1043 1905 1117 1950 illa
1147 1907 1347 1964 brevitas,
1396 1910 1469 1971 qui

114 1973 201 2029 fiat,
248 1983 293 2017 ut
335 1989 386 2017 ea
427 1973 694 2034 potissimum
736 1974 781 2019 in
821 1975 907 2020 imo
952 1975 1256 2039 nonnunquam
1286 1981 1469 2043 pectoris

115 2058 287 2089 secessu
314 2045 634 2105 vpermovearis,
681 2056 776 2107 pete
807 2063 1057 2109 responsum
1094 2065 1145 2093 ex
1185 2049 1281 2112 ipsa
1312 2051 1399 2096 vita
1429 2063 1472 2098 et

113 2114 256 2169 Taciti
297 2126 339 2162 et
380 2126 467 2161 tua.
530 2115 674 2162 Multa
715 2127 758 2162 et
787 2128 884 2163 tune
925 2117 1040 2164 fuere
1071 2131 1111 2164 et
1142 2139 1252 2166 nunc
1283 2134 1401 2179 sunt,
1434 2123 1471 2168 si

114 2187 292 2232 candide
322 2187 511 2250 profiteri
531 2187 648 2243 velis,
680 2187 901 2234 hominum
929 2202 1115 2251 peccata,
1147 2193 1262 2249 vitia,
1294 2193 1470 2255 flagitia,

113 2258 221 2303 raris
255 2258 416 2304 solidae
440 2263 498 2305 'ac
528 2258 685 2304 nobilis
717 2260 879 2305 virtutis
912 2261 1130 2324 exemplis,
1162 2280 1319 2324 magna
1349 2265 1471 2326 igno-

114 2329 254 2375 rantia
294 2330 397 2377 recti
439 2341 481 2376 et
510 2330 682 2386 invidia,
724 2331 859 2376 multa
901 2349 1040 2377 rerum
1081 2335 1323 2382 mortalium
1363 2336 1472 2381 ludi-

93 2401 207 2446 ⁴bria
245 2412 294 2446 eb
334 2402 482 2446 inanes
522 2401 639 2463 vulgi
681 2403 995 2460 contentiones,
1043 2406 1313 2468 paucissimis
1367 2418 1470 2463 tum,

115 2489 252 2534 neque
284 2472 411 2517 etiam
441 2490 554 2518 nunc
583 2474 815 2518 admodum
846 2474 1012 2532 multis,
1044 2477 1223 2522 meliora
1254 2488 1379 2539 atque
1411 2478 1472 2524 al-

116 2543 226 2587 tiora
256 2543 567 2606 adpetentibus.
629 2546 770 2608 Atque
801 2557 849 2590 ut
878 2563 958 2591 nos
992 2548 1160 2610 quidem
1190 2550 1364 2593 minime
1398 2550 1473 2594 de·
1505 2599 1507 2602 ,
1542 2546 1547 2548 ’

119 2624 196 2669 cet,
232 2614 499 2660 Christianae
520 2615 618 2663 fidei
638 2634 713 2678 spe
735 2634 784 2662 ac
814 2617 966 2663 solatio
997 2620 1226 2680 praeditos,
1260 2614 1379 2681 quae
1398 2636 1475 2664 no-

120 2686 221 2730 stris
254 2686 516 2747 temporibus
547 2687 685 2732 minus
728 2699 839 2733 recte
879 2705 926 2734 se
957 2689 1114 2735 habent
1144 2692 1295 2736 eodem
1328 2691 1475 2736 dolore

122 2757 342 2820 prosequi,
375 2772 458 2820 quo
479 2756 726 2803 Romanum
756 2759 972 2806 hominem
1002 2762 1163 2827 patriae
1194 2763 1310 2808 avita
1340 2761 1478 2824 gloria
