1702 2982
462 166 470 173 a
515 216 518 219 -
560 187 619 275 de
643 187 756 234 fide
790 188 993 236 Taciti.·
1347 205 1452 244 XVII

93 320 187 350 non
201 314 277 350 est
307 304 420 368 qu'od
448 305 660 351 miremur.
723 290 868 367 Quam
900 322 1027 354 saeva
1058 320 1099 355 et
1130 315 1318 360 omnium
1357 287 1455 362 soe-

81 377 278 422 ditatum
298 364 678 439 indignitatumque
708 379 837 440 plena
867 389 1060 441 tempora
1083 376 1157 426 ab
1165 401 1340 432 excessu
1360 383 1448 432 Au-

92 447 204 508 gusti
234 463 365 509 usqne
397 448 452 492 ad
473 445 599 492 finem
624 447 811 495 Neronis
843 467 919 511 per
952 463 1152 514 quattuor
1175 466 1216 499 et
1239 457 1445 520 quinqua-

19 568 25 572 ,
89 518 208 583 ginta
245 534 380 563 annos
419 521 622 565 senectuti
660 521 746 580 J‘am
785 521 963 584 propior
1000 535 1089 568 erat
1128 531 1444 587 persecuturus'

86 604 229 634 nonne
266 589 451 634 maxima
474 601 531 635 et
567 591 797 651 attingente
837 594 979 654 mauis
1023 610 1148 656 quam
1197 599 1445 659 expediente

22 656 32 665 ²
86 659 254 720 singula
282 659 485 706 brevitate
517 677 633 723 opus·
658 672 761 716 erat,
794 679 846 715 ne
880 678 1007 709 saeva
1036 667 1178 726 jussa,
1221 670 1442 715 continuas

34 729 39 731 s
85 731 594 788 accusati011es,'fallaces
625 733 851 789 amicitias,
895 736 1123 798 perniciem
1157 738 1442 786 innocentium

52 814 55 818 '
83 813 126 848 et·
165 802 338 854 easdem
377 803 486 847 ‘exitu
519 820 668 849 causas
702 806 963 866 conjungens
996 808 1122 854 obvia
1153 825 1292 856 rerum
1326 813 1440 858 simi-

5 926 11 933 Κ
82 872 326 929 litudinefet
345 875 535 920 satietate
550 881 588 928 1)
618 875 816 937 fatigaret
843 877 1072 939 legentium
1101 878 1299 926 animos?
1330 900 1437 930 non-

2 938 15 1005 J
78 962 133 990 ne
162 946 460 990 maturandum
492 957 752 992 eratxtantae
782 948 907 992 molis
946 966 1054 1011 opus
1093 953 1186 1012 jam
1226 955 1436 1014 sexagesi-

76 1033 193 1076 mum
223 1016 374 1061 aetatis
406 1033 564 1061 annum
596 1035 786 1074 emenSO,
819 1020 936 1079 cujus
969 1022 1024 1065 ad
1055 1021 1232 1069 laetiora
1264 1022 1459 1072 Nervae.

78 1086 364 1149 Trajaniqu'e·
389 1094 583 1150 tem‘pora
620 1091 915 1151 componenda
954 1092 1118 1138 animus
1151 1095 1305 1139 avehat
1336 1114 1433 1170 pro·-

74 1174 222 1221 pel-are
238 1165 298 1215 ²),
337 1159 488 1221 quique
520 1160 705 1222 Augusti
753 1161 880 1205 etiam
915 1162 1045 1207 vitam
1076 1166 1302 1212 memoriae
1333 1182 1434 1229 pro-

73 1230 171 1275 dere
213 1230 488 1275 constituerat
499 1231 578 1287 ³)?
628 1231 752 1291 Quae
790 1232 981 1294 quidem
1002 1235 1144 1282 omnia
1186 1237 1432 1301 imperfecta

71 1300 259 1364 reliquit
268 1301 355 1348 fato
387 1309 613 1365 o'ccu'patus
632 1308 688 1356 ⁴).

96 1560 105 1563 s
192 1503 424 1564 Quomodo
455 1504 677 1560 historiam
708 1506 922 1568 scripserit
941 1507 1133 1566 Tacitus,
1166 1526 1291 1572 quem
1312 1513 1355 1558 in
1377 1529 1427 1558 ea

70 1575 198 1620 finem
229 1586 408 1632 secutus,
442 1594 608 1638 quoque
640 1578 854 1622 scribendi
894 1583 1046 1639 genere
1077 1597 1179 1625 usus
1213 1582 1267 1627 sit
1297 1601 1424 1645 expo-

70 1644 212 1691 situris
242 1646 332 1706 J‘am
363 1647 485 1691 nohis
519 1664 625 1708 opus
658 1649 737 1693 e'rit
766 1649 951 1710 piimum
981 1661 1175 1695 accurata
1206 1652 1266 1697 de
1297 1654 1424 1711 fide,

71 1733 179 1778 quae
209 1717 252 1762 ei
282 1717 435 1762 habe1i
465 1719 600 1779 possit
633 1718 943 1780 disquisitione.
1011 1721 1124 1765 Eam
1162 1739 1262 1766 vero
1302 1724 1425 1770 aliter

58 1787 282 1833 xinstituere
312 1805 400 1833 non
429 1805 674 1854 possumus,
707 1805 834 1851 quam
865 1791 924 1834 de
956 1789 1199 1837 fontibus
1222 1793 1421 1852 dicentes,

63 1859 175 1906 unde
205 1857 408 1904 historiae
440 1875 567 1921 quam
598 1860 768 1923 scripsit
797 1862 1018 1907 materiam
1048 1861 1235 1908 hauserit
1255 1868 1304 1916 ⁵).

94 2013 129 2058 ¹)
156 2013 276 2060 ipsius
301 2020 391 2050 sunt
414 2013 533 2051 verba
555 2015 659 2066 gAnn.
679 2013 715 2060 4,
742 2022 800 2054 33.

74 2072 127 2117 ‘²)
154 2073 210 2110 Cf.
236 2072 334 2109 Hist.
364 2080 396 2118 1,
427 2080 460 2111 1.

88 2133 126 2178 ³)
153 2132 210 2169 Cf.
234 2133 338 2169 Ann.
364 2139 399 2178 3,
427 2132 485 2172 24.
987 2171 1015 2182 ς

92 2191 244 2239 4>“Α1ἰει
277 2199 333 2235 est
364 2193 536 2229 Walchii
569 2194 616 2230 de
650 2195 723 2231 hac
754 2207 795 2232 re
827 2197 1015 2233 sententia
1046 2196 1088 2232 in
1119 2205 1325 2235 comment.
1367 2200 1415 2236 ad

153 2252 284 2300 Agric.
308 2253 430 2288 vitam
453 2265 516 2301 cp.
544 2260 578 2291 3.
627 2256 774 2291 Nervae
807 2255 1038 2303 Traianique
1077 2257 1175 2292 vitas
1209 2257 1250 2292 in
1287 2260 1414 2294 lucem

154 2323 233 2347 non
258 2302 464 2359 prodiisse,
500 2312 592 2348 inde
618 2314 750 2362 colligi
776 2312 883 2360 lice't,
916 2315 1020 2363 quod
1052 2316 1121 2364 qui
1156 2316 1324 2353 imitatus
1360 2324 1415 2354 est

123 2376 324 2407 nostrum
357 2371 584 2408 Ammianus
618 2374 877 2418 Marcellinus,
912 2374 1036 2410 Taciti
1077 2375 1254 2412 historias
1287 2378 1414 2412 conti-

150 2427 348 2474 nuaturus,
375 2442 461 2467 suas
486 2432 684 2469 inchoavit
709 2445 802 2468 cum·
823 2436 973 2469 Nervae
1005 2434 1182 2480 imperio.
1232 2437 1412 2471 Laudan—

149 2494 212 2524 tur
240 2488 356 2525 etiam
380 2500 402 2525 a
426 2490 626 2540 Fulgentio
651 2493 851 2529 Planciade
869 2492 1110 2539 facetiarum
1126 2493 1227 2540 libri,
1255 2495 1323 2544 qui
1341 2508 1411 2543 pe-

0 2591 3 2595 Ι
150 2547 260 2584 riere.
674 2562 682 2569 s
723 2584 729 2587 Α

31 2633 33 2636 <
85 2608 120 2653 ⁵)
145 2609 194 2644 V.
218 2607 419 2644 Meierotto
445 2621 569 2657 progr.
589 2610 635 2647 de
660 2611 831 2648 fontibus
856 2623 952 2660 qnos
970 2612 1126 2648 Tacitus
1152 2613 1327 2649 videatur
1350 2625 1410 2649 se·-

149 2673 259 2702 cutus
291 2669 414 2703 Berol.
444 2674 556 2714 1795?
589 2672 674 2705 Just
707 2670 754 2705 de
785 2670 858 2706 fide
891 2671 1033 2714 Taciti,
1077 2671 1234 2717 scriptio
1269 2672 1407 2718 prima,

148 2737 224 2775 qua
248 2725 445 2763 disseritur
469 2736 655 2778 quatenus
676 2729 831 2766 Tacitus
855 2729 969 2765 fidem
996 2730 1079 2778 ipse
1103 2730 1176 2765 sibi
1191 2729 1409 2765 habendam

54 2794 60 2797 ”
98 2788 222 2826 Lexic.
241 2790 428 2829 Taciteum.
1096 2797 1123 2831 2
