1702 2982
264 187 322 235 LK
737 190 1117 254 Prolegomena

1360 281 1363 295 f

263 308 348 354 stili
385 325 470 370 quo
499 323 598 354 usus
629 319 695 356 est
722 309 982 372 proprietas,
1027 310 1083 356 ad
1113 310 1444 367 varietatem,
1485 302 1596 362 hr‘e-
1632 343 1635 345 »

261 380 474 424 vitatem
504 390 544 440 et
572 381 831 442 poeticum
861 381 1118 426 orationis
1149 382 1376 426 colorem
1408 398 1595 429 commo-

260 451 432 495 dissime
456 448 619 495 ·refcrri
648 461 840 512 possunt.
902 451 1134 512 Triplicem
1171 452 1297 513 igitur
1324 452 1434 513 hanc
1463 444 1594 498 ratio·
1634 456 1636 459 ’

258 539 357 566 nem
395 520 623 566 accuratius
655 521 734 567 hoc
771 522 867 566 loco
898 521 1147 584 exposituri,
1189 523 1375 584 singulas
1415 524 1596 584 Syntax-

259 608 333 637 eos
364 602 505 654 partes
536 590 579 635 in
608 591 704 653 ipso
734 592 874 654 operis
914 603 1106 637 contextu
1143 603 1420 655 pertractatas
1457 593 1596 639 brevi-
1632 598 1638 603 “

234 668 323 707 'ter
352 673 515 707 tantum
545 661 834 718 indicabimus,
873 663 1019 707 ordine
1050 673 1191 708 tamen
1219 674 1397 725 servato,
1437 680 1520 726 quo
1549 663 1598 708 in

258 732 546 794 grammaticis
583 733 778 794 componi
826 733 976 790 solent,
1048 732 1189 794 Atque
1234 749 1285 778 ex
1319 733 1384 779 his
1426 733 1597 796 quidem

259 804 454 847 omnibus
486 802 666 864 patebit,
707 803 821 864 quod
852 803 1017 865 saepius
1049 805 1137 864 jam
1167 804 1425 860 monuimus,
1464 798 1609 871 'Paci-5¹

259 885 349 928 turn
376 874 421 918 in
451 873 688 933 universum
720 874 935 918 retinuisse
967 874 1190 935 priorem,
1215 873 1392 918 maxime
1423 872 1596 917 histori-

259 961 405 994 corum
442 935 644 1004 loquendi
673 945 1034 1000 consuetudinem,
1085 955 1127 989 ot
1166 945 1228 994 ita
1267 954 1431 993 tantum
1461 943 1514 988 ab
1546 958 1598 988 ea

258 1014 500 1069 recessisse,
540 1023 585 1056 ut
615 1012 840 1060 excoluerit
871 1026 911 1060 et
942 1016 1102 1069 auxerit
1131 1031 1236 1076 quae
1278 1013 1452 1075 singulis
1491 1007 1628 1058 non-'¹

258 1101 473 1146 nunquam
518 1084 717 1145 exemplis
763 1086 957 1130 exhibent
994 1086 1183 1148 priores,
1230 1095 1272 1131 et
1315 1084 1401 1146 ipsi
1443 1083 1489 1134 in
1527 1077 1596 1129 his

258 1167 477 1219 poetarum
508 1154 775 1216 potissimum
807 1155 1028 1200 dictionem
1062 1156 1210 1209 secuti;
1240 1154 1470 1200 indulsisse
1501 1170 1597 1199 eum

260 1226 429 1288 quidem
465 1235 507 1269 et
543 1241 642 1280 suae
680 1229 827 1271 aetatis
867 1227 956 1270 usui
988 1237 1028 1270 et
1057 1226 1229 1288 proprio
1259 1226 1303 1270 in
1333 1225 1455 1271 novis
1489 1235 1597 1270 stru-

259 1299 386 1345 cturis
419 1308 460 1342 et
493 1297 711 1342 verborum
744 1297 1117 1358 compositionibus
1149 1288 1345 1357 ingeniO,
1387 1295 1462 1340 sed
1491 1312 1597 1340 nun-

262 1387 388 1432 quam
417 1369 462 1413 in
491 1368 542 1413 iis
573 1368 778 1427 migrasse
806 1367 931 1428 patrii
952 1368 1156 1412 sermonis
1188 1366 1450 1434 leges-atquc
1472 1381 1596 1427 prae-

261 1451 405 1503 cepta,
445 1439 589 1498 magni
617 1436 872 1499 legislatoris
902 1437 1057 1494 instar,
1098 1437 1168 1500 qui
1207 1435 1464 1498 antiquitatis
1505 1434 1598 1496 qui·-

262 1513 358 1556 dem
388 1510 592 1564 retinens,
634 1509 709 1557 sed
740 1523 815 1552 suo
846 1507 971 1555 etiam
1001 1508 1171 1568 ingenio
1202 1525 1301 1553 usus
1334 1507 1391 1551 ad
1420 1504 1597 1551 meliora

260 1593 302 1627 et
333 1581 396 1625 sui
425 1579 627 1641 temporis
667 1578 899 1622 rationibus
942 1579 1107 1640 aptiora
1147 1577 1399 1625 invenienda
1438 1575 1596 1639 optime

258 1651 463 1715 prospicit
493 1650 642 1696 civium
673 1664 842 1693 suorum
874 1648 1011 1693 saluti.

318 1727 334 1766 ζ
404 1722 439 1768 Ι.
470 1719 710 1782 Syntaxis
751 1719 989 1764 nominis.
1031 1737 1035 1739 “

322 1805 389 1851 Ι1.
428 1791 560 1840 Haud
596 1804 691 1834 raro
734 1789 1026 1851 singularis
1062 1790 1186 1835 loco
1216 1788 1446 1851 pluralis
1477 1805 1597 1834 usur-

258 1875 383 1927 patur
413 1874 454 1907 et
484 1872 683 1907 contra:
723 1861 866 1913 miles,
901 1877 1035 1920 eques
1068 1860 1216 1913 (etiam
1258 1861 1308 1904 de
1346 1860 1397 1904 iis
1430 1860 1501 1921 qui
1529 1876 1596 1917 or-

260 1935 370 1979 dinis
403 1942 501 1977 sunt
531 1930 779 1991 equestris),
815 1938 1073 1985 veteranus,
1117 1930 1376 1985 cocinarius
1406 1940 1449 1974 et
1479 1929 1595 1974 simi-

257 2004 335 2058 lia;
380 2019 467 2047 non
497 2001 633 2045 solum
663 2001 788 2059 ignes
799 2034 811 2054 ,
858 2001 1003 2064 nives,
1037 2000 1162 2055 odia,
1195 1999 1316 2055 irae,
1361 2001 1436 2051 sed
1466 2000 1598 2060 etiarn

258 2063 467 2127 ardores,
502 2078 674 2124 aestus,
706 2087 795 2115 non
824 2070 961 2115 solum
991 2064 1267 2129 mancipium
1297 2081 1338 2115 et
1367 2071 1489 2127 talia,
1518 2069 1598 2116 'sed

257 2145 418 2189 militia
462 2142 589 2187 etiam
633 2156 711 2202 pro
753 2140 969 2184 militibus
1013 2136 1054 2184 et'
1094 2138 1139 2185 id
1183 2157 1313 2202 genus
1357 2141 1497 2203 plura.·
1539 2168 1596 2193 ·-·.·

192 2215 195 2218 “
251 2222 445 2275 ponteS,
493 2211 700 2256 coloniae
744 2218 822 2271 pro
865 2211 1087 2269 singulari3
1136 2210 1291 2273 plurali
1335 2212 1596 2274 majestatico

258 2285 329 2347 qui
350 2284 496 2329 dicitur
526 2297 825 2341 nonnunquam
855 2281 1040 2341 jungitur
1073 2282 1314 2349 singularis.

347 2364 388 2398 2.
420 2352 674 2414 Syntaxis
706 2351 949 2412 genitivi:
999 2352 1302 2412 objectivus
1342 2350 1597 2418 qui'=dicitur

257 2425 385 2487 genit.
417 2422 664 2467 insolentius
695 2422 902 2466 interdum
931 2422 1112 2482 ponitur,
1156 2441 1193 2468 e.
1211 2442 1246 2469 c.
1262 2424 1418 2474 nostri
1452 2424 1595 2484 origo,

258 2494 414 2540 nostri
438 2492 567 2536 inilia
578 2512 594 2544 ;
640 2493 845 2553 genitivus
877 2493 1075 2553 peculiari
1104 2495 1232 2538 modo
1263 2493 1596 2539 consuetudi-

257 2583 369 2617 nem
419 2562 612 2624 exprimit
655 2580 691 2606 e.
725 2581 765 2622 g,
803 2562 958 2622 officia
1006 2565 1316 2608 venerantium
1359 2564 1386 2609 i.
1419 2581 1456 2609 e.
1490 2578 1595 2625 quae

259 2633 469 2698 praestari
504 2632 641 2677 solent
672 2633 724 2676 ab
756 2632 910 2693 iis-qui
940 2644 1211 2687 venerantur3
1258 2652 1280 2678 e
1311 2634 1474 2695 vulgari
1504 2633 1594 2695 qui-

243 2706 356 2752 'dem
387 2704 554 2749 dicendi
584 2720 748 2763 genere,
779 2703 852 2748 sed
881 2701 1035 2764 plurali
1071 2721 1244 2749 numero
1280 2705 1484 2760 Tiberius
1527 2720 1595 2750 ve·
1634 2712 1636 2716 ’
