<?xml version="1.0" encoding="UTF-8"?>
<!DOCTYPE html PUBLIC "-//W3C//DTD XHTML 1.0 Transitional//EN"
    "http://www.w3.org/TR/xhtml1/DTD/xhtml1-transitional.dtd">
<html xmlns="http://www.w3.org/1999/xhtml" xml:lang="en" lang="en">
 <head>
  <title>
</title>
<meta http-equiv="Content-Type" content="text/html;charset=utf-8" />
  <meta name='ocr-system' content='tesseract 3.04.00' />
  <meta name='ocr-capabilities' content='ocr_page ocr_carea ocr_par ocr_line ocrx_word'/>
</head>
<body>
  <div class='ocr_page' id='page_1' title='image "./lexicontaciteums00boetuoft/lexicontaciteums00boetuoft_0049.png"; bbox 0 0 1702 2982; ppageno 0'>
   <div class='ocr_carea' id='block_1_1' title="bbox 122 177 1466 240">
    <p class='ocr_par' dir='ltr' id='par_1_1' title="bbox 122 177 1466 240">
     <span class='ocr_line' id='line_1_1' title="bbox 122 177 1466 240; baseline -0.001 -15"><span class='ocrx_word' id='word_1_1' title='bbox 122 212 128 229; x_wconf 90' lang='lat'>.</span> <span class='ocrx_word' id='word_1_2' title='bbox 179 179 230 225; x_wconf 89' lang='lat' dir='ltr'><strong>de</strong></span> <span class='ocrx_word' id='word_1_3' title='bbox 253 178 401 224; x_wconf 85' lang='lat' dir='ltr'><strong>ceteris</strong></span> <span class='ocrx_word' id='word_1_4' title='bbox 427 177 570 223; x_wconf 81' lang='lat' dir='ltr'>Taciti</span> <span class='ocrx_word' id='word_1_5' title='bbox 591 179 634 222; x_wconf 80' lang='lat' dir='ltr'><strong>in</strong></span> <span class='ocrx_word' id='word_1_6' title='bbox 654 178 949 240; x_wconf 85' lang='lat' dir='ltr'><strong>componenda</strong></span> <span class='ocrx_word' id='word_1_7' title='bbox 968 177 1065 224; x_wconf 87' lang='lat' dir='ltr'><strong>hist.</strong></span> <span class='ocrx_word' id='word_1_8' title='bbox 1087 178 1337 229; x_wconf 52' lang='lat' dir='ltr'><strong>virtutibus&lt;</strong></span> <span class='ocrx_word' id='word_1_9' title='bbox 1353 189 1466 224; x_wconf 84' lang='lat' dir='ltr'>XXIX</span> 
     </span>
    </p>
   </div>
   <div class='ocr_carea' id='block_1_2' title="bbox 62 287 1500 1072">
    <p class='ocr_par' dir='ltr' id='par_1_2' title="bbox 62 287 1500 922">
     <span class='ocr_line' id='line_1_2' title="bbox 97 287 1464 360; baseline -0.001 -16"><span class='ocrx_word' id='word_1_10' title='bbox 97 297 261 359; x_wconf 47' lang='lat' dir='ltr'><strong>*nia‘et</strong></span> <span class='ocrx_word' id='word_1_11' title='bbox 291 287 602 342; x_wconf 81' lang='lat' dir='ltr'><strong>Germanorum</strong></span> <span class='ocrx_word' id='word_1_12' title='bbox 632 297 771 341; x_wconf 89' lang='lat' dir='ltr'><strong>minas</strong></span> <span class='ocrx_word' id='word_1_13' title='bbox 802 296 977 356; x_wconf 83' lang='lat' dir='ltr'><strong>integris</strong></span> <span class='ocrx_word' id='word_1_14' title='bbox 1008 296 1266 360; x_wconf 84' lang='lat' dir='ltr'><strong>illibatisque</strong></span> <span class='ocrx_word' id='word_1_15' title='bbox 1305 297 1464 343; x_wconf 81' lang='lat' dir='ltr'><strong>viribus</strong></span> 
     </span>
     <span class='ocr_line' id='line_1_3' title="bbox 119 367 1467 430; baseline -0.001 -15"><span class='ocrx_word' id='word_1_16' title='bbox 119 369 283 415; x_wconf 88' lang='lat' dir='ltr'><strong>validas</strong></span> <span class='ocrx_word' id='word_1_17' title='bbox 300 375 338 421; x_wconf 73' lang='grc' dir='ltr'><strong>Ι&gt;</strong></span> <span class='ocrx_word' id='word_1_18' title='bbox 373 367 560 430; x_wconf 81' lang='lat' dir='ltr'><strong>reputat3</strong></span> <span class='ocrx_word' id='word_1_19' title='bbox 607 368 684 412; x_wconf 88' lang='lat' dir='ltr'><strong>sed</strong></span> <span class='ocrx_word' id='word_1_20' title='bbox 724 367 795 428; x_wconf 87' lang='lat' dir='ltr'><strong>qui</strong></span> <span class='ocrx_word' id='word_1_21' title='bbox 833 368 929 412; x_wconf 87' lang='lat' dir='ltr'><strong>ideo</strong></span> <span class='ocrx_word' id='word_1_22' title='bbox 969 367 1084 412; x_wconf 88' lang='lat' dir='ltr'><strong>laudi</strong></span> <span class='ocrx_word' id='word_1_23' title='bbox 1123 367 1268 425; x_wconf 84' lang='lat' dir='ltr'><strong>Taciti</strong></span> <span class='ocrx_word' id='word_1_24' title='bbox 1306 368 1467 430; x_wconf 80' lang='lat' dir='ltr'><strong>aliquid</strong></span> 
     </span>
     <span class='ocr_line' id='line_1_4' title="bbox 118 437 1468 502; baseline -0.002 -15"><span class='ocrx_word' id='word_1_25' title='bbox 118 439 280 486; x_wconf 80' lang='lat' dir='ltr'><strong>detrahi</strong></span> <span class='ocrx_word' id='word_1_26' title='bbox 308 449 438 502; x_wconf 87' lang='lat' dir='ltr'><strong>putet,</strong></span> <span class='ocrx_word' id='word_1_27' title='bbox 473 438 546 500; x_wconf 89' lang='lat' dir='ltr'><strong>qui</strong></span> <span class='ocrx_word' id='word_1_28' title='bbox 574 451 661 483; x_wconf 91' lang='lat' dir='ltr'><strong>non</strong></span> <span class='ocrx_word' id='word_1_29' title='bbox 691 437 802 484; x_wconf 89' lang='lat' dir='ltr'><strong>hanc</strong></span> <span class='ocrx_word' id='word_1_30' title='bbox 831 438 970 500; x_wconf 83' lang='lat' dir='ltr'><strong>ipsam</strong></span> <span class='ocrx_word' id='word_1_31' title='bbox 1001 439 1056 483; x_wconf 92' lang='lat' dir='ltr'><strong>ob</strong></span> <span class='ocrx_word' id='word_1_32' title='bbox 1089 454 1262 492; x_wconf 86' lang='lat' dir='ltr'><strong>causam</strong></span> <span class='ocrx_word' id='word_1_33' title='bbox 1300 454 1468 486; x_wconf 86' lang='lat' dir='ltr'><strong>summo·</strong></span> 
     </span>
     <span class='ocr_line' id='line_1_5' title="bbox 118 510 1464 573; baseline -0.001 -17"><span class='ocrx_word' id='word_1_34' title='bbox 118 510 267 567; x_wconf 82' lang='lat' dir='ltr'><strong>studio,</strong></span> <span class='ocrx_word' id='word_1_35' title='bbox 297 526 462 554; x_wconf 86' lang='lat' dir='ltr'><strong>summo</strong></span> <span class='ocrx_word' id='word_1_36' title='bbox 494 524 651 566; x_wconf 88' lang='lat' dir='ltr'><strong>amore,</strong></span> <span class='ocrx_word' id='word_1_37' title='bbox 684 525 849 555; x_wconf 88' lang='lat' dir='ltr'><strong>summa</strong></span> <span class='ocrx_word' id='word_1_38' title='bbox 870 510 1049 571; x_wconf 84' lang='lat' dir='ltr'><strong>(lenique</strong></span> <span class='ocrx_word' id='word_1_39' title='bbox 1071 510 1340 555; x_wconf 86' lang='lat' dir='ltr'><strong>veneratione</strong></span> <span class='ocrx_word' id='word_1_40' title='bbox 1361 527 1464 573; x_wconf 86' lang='lat' dir='ltr'><strong>prae</strong></span> 
     </span>
     <span class='ocr_line' id='line_1_6' title="bbox 116 579 1500 643; baseline -0.002 -14"><span class='ocrx_word' id='word_1_41' title='bbox 116 581 263 629; x_wconf 79' lang='lat' dir='ltr'><strong>ceteris</strong></span> <span class='ocrx_word' id='word_1_42' title='bbox 306 583 498 628; x_wconf 89' lang='lat' dir='ltr'><strong>omnibus</strong></span> <span class='ocrx_word' id='word_1_43' title='bbox 537 598 676 626; x_wconf 84' lang='lat' dir='ltr'><strong>rerum</strong></span> <span class='ocrx_word' id='word_1_44' title='bbox 712 581 985 643; x_wconf 83' lang='lat' dir='ltr'><strong>scriptoribus</strong></span> <span class='ocrx_word' id='word_1_45' title='bbox 1019 579 1217 624; x_wconf 90' lang='lat' dir='ltr'><strong>Tacitum</strong></span> <span class='ocrx_word' id='word_1_46' title='bbox 1263 597 1358 626; x_wconf 89' lang='lat' dir='ltr'><strong>esse</strong></span> <span class='ocrx_word' id='word_1_47' title='bbox 1400 582 1464 626; x_wconf 88' lang='lat' dir='ltr'><strong>di-</strong></span> <span class='ocrx_word' id='word_1_48' title='bbox 1491 596 1500 599; x_wconf 84' lang='lat'>·</span> 
     </span>
     <span class='ocr_line' id='line_1_7' title="bbox 113 649 1466 715; baseline -0.001 -17"><span class='ocrx_word' id='word_1_49' title='bbox 113 649 360 715; x_wconf 81' lang='lat' dir='ltr'><strong>guissimum</strong></span> <span class='ocrx_word' id='word_1_50' title='bbox 381 654 550 715; x_wconf 80' lang='lat' dir='ltr'><strong>judicet,</strong></span> <span class='ocrx_word' id='word_1_51' title='bbox 582 669 676 698; x_wconf 89' lang='lat' dir='ltr'><strong>eum</strong></span> <span class='ocrx_word' id='word_1_52' title='bbox 697 652 750 697; x_wconf 88' lang='lat' dir='ltr'><strong>ab</strong></span> <span class='ocrx_word' id='word_1_53' title='bbox 782 651 1163 710; x_wconf 28' lang='lat' dir='ltr'><strong>hoc-sanctissimo</strong></span> <span class='ocrx_word' id='word_1_54' title='bbox 1194 662 1289 696; x_wconf 86' lang='lat' dir='ltr'><strong>vate</strong></span> <span class='ocrx_word' id='word_1_55' title='bbox 1318 651 1466 714; x_wconf 90' lang='lat' dir='ltr'><strong>procul</strong></span> 
     </span>
     <span class='ocr_line' id='line_1_8' title="bbox 62 723 1463 785; baseline -0.002 -15"><span class='ocrx_word' id='word_1_56' title='bbox 62 782 63 785; x_wconf 11' lang='grc' dir='ltr'><strong>Ἴ</strong></span> <span class='ocrx_word' id='word_1_57' title='bbox 115 726 342 771; x_wconf 84' lang='lat' dir='ltr'><strong>arcendum</strong></span> <span class='ocrx_word' id='word_1_58' title='bbox 373 736 416 771; x_wconf 89' lang='lat' dir='ltr'><strong>et</strong></span> <span class='ocrx_word' id='word_1_59' title='bbox 447 725 505 769; x_wconf 81' lang='lat' dir='ltr'><strong>ad</strong></span> <span class='ocrx_word' id='word_1_60' title='bbox 534 723 707 779; x_wconf 79' lang='lat' dir='ltr'><strong>FlOros,</strong></span> <span class='ocrx_word' id='word_1_61' title='bbox 748 723 974 769; x_wconf 77' lang='lat' dir='ltr'><strong>Suetonius</strong></span> <span class='ocrx_word' id='word_1_62' title='bbox 1006 731 1321 784; x_wconf 74' lang='lat' dir='ltr'><strong>ceterorumque</strong></span> <span class='ocrx_word' id='word_1_63' title='bbox 1353 724 1463 783; x_wconf 83' lang='lat' dir='ltr'><strong>ejus-</strong></span> 
     </span>
     <span class='ocr_line' id='line_1_9' title="bbox 113 794 1462 859; baseline -0.001 -18"><span class='ocrx_word' id='word_1_64' title='bbox 113 795 210 841; x_wconf 90' lang='lat' dir='ltr'><strong>dem</strong></span> <span class='ocrx_word' id='word_1_65' title='bbox 248 797 411 859; x_wconf 80' lang='lat' dir='ltr'><strong>generis</strong></span> <span class='ocrx_word' id='word_1_66' title='bbox 451 795 664 842; x_wconf 75' lang='lat' dir='ltr'><strong>levissima</strong></span> <span class='ocrx_word' id='word_1_67' title='bbox 698 794 867 856; x_wconf 86' lang='lat' dir='ltr'><strong>ingenia</strong></span> <span class='ocrx_word' id='word_1_68' title='bbox 886 794 1212 841; x_wconf 77' lang='lat' dir='ltr'><strong>amandandum</strong></span> <span class='ocrx_word' id='word_1_69' title='bbox 1241 810 1335 839; x_wconf 89' lang='lat' dir='ltr'><strong>esse</strong></span> <span class='ocrx_word' id='word_1_70' title='bbox 1367 811 1462 846; x_wconf 64' lang='lat' dir='ltr'><strong>cen-v</strong></span> 
     </span>
     <span class='ocr_line' id='line_1_10' title="bbox 114 859 888 922; baseline 0 -10"><span class='ocrx_word' id='word_1_71' title='bbox 114 867 265 919; x_wconf 75' lang='lat' dir='ltr'><strong>suctim</strong></span> <span class='ocrx_word' id='word_1_72' title='bbox 280 875 335 922; x_wconf 87' lang='lat'><strong>²).</strong></span> <span class='ocrx_word' id='word_1_73' title='bbox 354 859 373 869; x_wconf 57' lang='lat'><strong>‘²</strong></span> <span class='ocrx_word' id='word_1_74' title='bbox 885 913 888 915; x_wconf 67' lang='grc'><strong>,</strong></span> 
     </span>
    </p>

    <p class='ocr_par' dir='ltr' id='par_1_3' title="bbox 113 930 1465 1072">
     <span class='ocr_line' id='line_1_11' title="bbox 171 930 1465 1001; baseline -0.002 -17"><span class='ocrx_word' id='word_1_75' title='bbox 171 930 182 940; x_wconf 62' lang='grc'><em>’</em></span> <span class='ocrx_word' id='word_1_76' title='bbox 233 940 414 1000; x_wconf 84' lang='lat' dir='ltr'><strong>Quodsi,</strong></span> <span class='ocrx_word' id='word_1_77' title='bbox 452 950 499 986; x_wconf 93' lang='lat' dir='ltr'><strong>ut</strong></span> <span class='ocrx_word' id='word_1_78' title='bbox 529 939 633 985; x_wconf 87' lang='lat' dir='ltr'><strong>haec</strong></span> <span class='ocrx_word' id='word_1_79' title='bbox 664 938 790 984; x_wconf 84' lang='lat' dir='ltr'><strong>etiam</strong></span> <span class='ocrx_word' id='word_1_80' title='bbox 825 939 969 1001; x_wconf 86' lang='lat' dir='ltr'><strong>paucis</strong></span> <span class='ocrx_word' id='word_1_81' title='bbox 1009 940 1287 999; x_wconf 79' lang='lat' dir='ltr'><strong>attingamuS,</strong></span> <span class='ocrx_word' id='word_1_82' title='bbox 1329 937 1374 982; x_wconf 92' lang='lat' dir='ltr'><strong>in</strong></span> <span class='ocrx_word' id='word_1_83' title='bbox 1413 953 1465 983; x_wconf 89' lang='lat' dir='ltr'><strong>eo</strong></span> 
     </span>
     <span class='ocr_line' id='line_1_12' title="bbox 113 1009 1463 1072; baseline -0.002 -16"><span class='ocrx_word' id='word_1_84' title='bbox 113 1011 294 1064; x_wconf 84' lang='lat' dir='ltr'><strong>veritatis</strong></span> <span class='ocrx_word' id='word_1_85' title='bbox 325 1011 439 1072; x_wconf 87' lang='lat' dir='ltr'><strong>leges</strong></span> <span class='ocrx_word' id='word_1_86' title='bbox 472 1011 720 1072; x_wconf 86' lang='lat' dir='ltr'><strong>migravisse</strong></span> <span class='ocrx_word' id='word_1_87' title='bbox 742 1011 883 1056; x_wconf 90' lang='lat' dir='ltr'><strong>dicunt</strong></span> <span class='ocrx_word' id='word_1_88' title='bbox 903 1009 1113 1065; x_wconf 80' lang='lat' dir='ltr'><strong>Tacitum,</strong></span> <span class='ocrx_word' id='word_1_89' title='bbox 1147 1009 1259 1071; x_wconf 87' lang='lat' dir='ltr'><strong>quod</strong></span> <span class='ocrx_word' id='word_1_90' title='bbox 1279 1009 1324 1054; x_wconf 89' lang='lat' dir='ltr'><strong>in</strong></span> <span class='ocrx_word' id='word_1_91' title='bbox 1345 1026 1463 1070; x_wconf 89' lang='lat' dir='ltr'><strong>egre-</strong></span> 
     </span>
    </p>
   </div>
   <div class='ocr_carea' id='block_1_3' title="bbox 2 1076 1464 1147">
    <p class='ocr_par' dir='ltr' id='par_1_4' title="bbox 2 1076 1464 1147">
     <span class='ocr_line' id='line_1_13' title="bbox 2 1076 1464 1147; baseline -0.003 -18"><span class='ocrx_word' id='word_1_92' title='bbox 2 1139 13 1147; x_wconf 30' lang='grc'>,</span> <span class='ocrx_word' id='word_1_93' title='bbox 40 1076 49 1082; x_wconf 61' lang='grc'><strong>”</strong></span> <span class='ocrx_word' id='word_1_94' title='bbox 112 1082 195 1144; x_wconf 52' lang='grc' dir='ltr'><strong>ςνίεικ</strong></span> <span class='ocrx_word' id='word_1_95' title='bbox 215 1082 396 1144; x_wconf 84' lang='lat' dir='ltr'><strong>Galgaei</strong></span> <span class='ocrx_word' id='word_1_96' title='bbox 426 1083 616 1138; x_wconf 81' lang='lat' dir='ltr'><strong>oratione</strong></span> <span class='ocrx_word' id='word_1_97' title='bbox 633 1089 670 1135; x_wconf 83' lang='lat'><strong>³)</strong></span> <span class='ocrx_word' id='word_1_98' title='bbox 714 1098 802 1128; x_wconf 92' lang='lat' dir='ltr'><strong>non</strong></span> <span class='ocrx_word' id='word_1_99' title='bbox 831 1082 1064 1127; x_wconf 86' lang='lat' dir='ltr'><strong>barbarum</strong></span> <span class='ocrx_word' id='word_1_100' title='bbox 1097 1081 1173 1126; x_wconf 88' lang='lat' dir='ltr'><strong>sed</strong></span> <span class='ocrx_word' id='word_1_101' title='bbox 1203 1079 1464 1135; x_wconf 83' lang='lat' dir='ltr'><strong>Romanum,</strong></span> 
     </span>
    </p>
   </div>
   <div class='ocr_carea' id='block_1_4' title="bbox 108 1150 1504 1927">
    <p class='ocr_par' dir='ltr' id='par_1_5' title="bbox 108 1150 1504 1927">
     <span class='ocr_line' id='line_1_14' title="bbox 113 1150 1465 1216; baseline -0.002 -17"><span class='ocrx_word' id='word_1_102' title='bbox 113 1164 155 1199; x_wconf 84' lang='lat' dir='ltr'><strong>et</strong></span> <span class='ocrx_word' id='word_1_103' title='bbox 198 1170 292 1199; x_wconf 85' lang='lat' dir='ltr'><strong>cum</strong></span> <span class='ocrx_word' id='word_1_104' title='bbox 331 1154 499 1216; x_wconf 89' lang='lat' dir='ltr'><strong>quidem</strong></span> <span class='ocrx_word' id='word_1_105' title='bbox 547 1155 648 1201; x_wconf 88' lang='lat' dir='ltr'><strong>artis</strong></span> <span class='ocrx_word' id='word_1_106' title='bbox 687 1154 897 1215; x_wconf 81' lang='lat' dir='ltr'><strong>oratoriae</strong></span> <span class='ocrx_word' id='word_1_107' title='bbox 935 1152 1169 1215; x_wconf 83' lang='lat' dir='ltr'><strong>praeceptis</strong></span> <span class='ocrx_word' id='word_1_108' title='bbox 1207 1150 1465 1214; x_wconf 76' lang='lat' dir='ltr'><strong>perpolitum</strong></span> 
     </span>
     <span class='ocr_line' id='line_1_15' title="bbox 112 1223 1465 1287; baseline -0.003 -17"><span class='ocrx_word' id='word_1_109' title='bbox 112 1225 319 1270; x_wconf 75' lang='lat' dir='ltr'><strong>induxerit</strong></span> <span class='ocrx_word' id='word_1_110' title='bbox 349 1225 588 1287; x_wconf 84' lang='lat' dir='ltr'><strong>loquentem</strong></span> <span class='ocrx_word' id='word_1_111' title='bbox 601 1232 662 1283; x_wconf 74' lang='lat'><strong>4),</strong></span> <span class='ocrx_word' id='word_1_112' title='bbox 695 1225 810 1270; x_wconf 81' lang='lat' dir='ltr'><strong>haud</strong></span> <span class='ocrx_word' id='word_1_113' title='bbox 842 1241 943 1269; x_wconf 88' lang='lat' dir='ltr'><strong>sane</strong></span> <span class='ocrx_word' id='word_1_114' title='bbox 976 1224 1162 1268; x_wconf 87' lang='lat' dir='ltr'><strong>animum</strong></span> <span class='ocrx_word' id='word_1_115' title='bbox 1195 1223 1465 1267; x_wconf 83' lang='lat' dir='ltr'><strong>intenderunt</strong></span> 
     </span>
     <span class='ocr_line' id='line_1_16' title="bbox 112 1294 1462 1361; baseline -0.002 -19"><span class='ocrx_word' id='word_1_116' title='bbox 112 1296 157 1342; x_wconf 89' lang='lat' dir='ltr'><strong>in</strong></span> <span class='ocrx_word' id='word_1_117' title='bbox 202 1296 405 1341; x_wconf 78' lang='lat' dir='ltr'><strong>Livianas</strong></span> <span class='ocrx_word' id='word_1_118' title='bbox 450 1296 711 1361; x_wconf 86' lang='lat' dir='ltr'><strong>aliorumque</strong></span> <span class='ocrx_word' id='word_1_119' title='bbox 759 1296 1011 1358; x_wconf 85' lang='lat' dir='ltr'><strong>scriptorum</strong></span> <span class='ocrx_word' id='word_1_120' title='bbox 1056 1294 1294 1350; x_wconf 86' lang='lat' dir='ltr'><strong>orationes,</strong></span> <span class='ocrx_word' id='word_1_121' title='bbox 1341 1310 1462 1356; x_wconf 83' lang='lat' dir='ltr'><strong>quae,</strong></span> 
     </span>
     <span class='ocr_line' id='line_1_17' title="bbox 114 1364 1463 1430; baseline -0.004 -16"><span class='ocrx_word' id='word_1_122' title='bbox 114 1386 208 1414; x_wconf 91' lang='lat' dir='ltr'><strong>cum</strong></span> <span class='ocrx_word' id='word_1_123' title='bbox 237 1369 351 1430; x_wconf 88' lang='lat' dir='ltr'><strong>apud</strong></span> <span class='ocrx_word' id='word_1_124' title='bbox 371 1366 569 1428; x_wconf 74' lang='lat' dir='ltr'><strong>Tacitum</strong></span> <span class='ocrx_word' id='word_1_125' title='bbox 598 1379 766 1430; x_wconf 83' lang='lat' dir='ltr'><strong>practer</strong></span> <span class='ocrx_word' id='word_1_126' title='bbox 796 1367 914 1412; x_wconf 84' lang='lat' dir='ltr'><strong>illam</strong></span> <span class='ocrx_word' id='word_1_127' title='bbox 944 1366 1068 1427; x_wconf 85' lang='lat' dir='ltr'><strong>hujus</strong></span> <span class='ocrx_word' id='word_1_128' title='bbox 1102 1365 1270 1428; x_wconf 86' lang='lat' dir='ltr'><strong>generis</strong></span> <span class='ocrx_word' id='word_1_129' title='bbox 1302 1364 1370 1409; x_wconf 86' lang='lat' dir='ltr'><strong>vix</strong></span> <span class='ocrx_word' id='word_1_130' title='bbox 1399 1364 1463 1409; x_wconf 85' lang='lat' dir='ltr'><strong>ul-</strong></span> 
     </span>
     <span class='ocr_line' id='line_1_18' title="bbox 108 1435 1463 1501; baseline -0.003 -17"><span class='ocrx_word' id='word_1_131' title='bbox 108 1439 199 1495; x_wconf 8' lang='lat' dir='ltr'><strong>*lam</strong></span> <span class='ocrx_word' id='word_1_132' title='bbox 239 1439 468 1495; x_wconf 90' lang='lat' dir='ltr'><strong>inveneris,</strong></span> <span class='ocrx_word' id='word_1_133' title='bbox 511 1456 658 1484; x_wconf 88' lang='lat' dir='ltr'><strong>omnes</strong></span> <span class='ocrx_word' id='word_1_134' title='bbox 695 1455 830 1501; x_wconf 82' lang='lat' dir='ltr'><strong>paene</strong></span> <span class='ocrx_word' id='word_1_135' title='bbox 867 1454 956 1482; x_wconf 91' lang='lat' dir='ltr'><strong>non</strong></span> <span class='ocrx_word' id='word_1_136' title='bbox 988 1438 1170 1488; x_wconf 62' lang='lat' dir='ltr'><strong>,dicentis</strong></span> <span class='ocrx_word' id='word_1_137' title='bbox 1210 1437 1287 1481; x_wconf 89' lang='lat' dir='ltr'><strong>sed</strong></span> <span class='ocrx_word' id='word_1_138' title='bbox 1331 1435 1463 1497; x_wconf 83' lang='lat' dir='ltr'><strong>ipsius</strong></span> 
     </span>
     <span class='ocr_line' id='line_1_19' title="bbox 113 1509 1504 1572; baseline -0.004 -16"><span class='ocrx_word' id='word_1_139' title='bbox 113 1512 294 1557; x_wconf 88' lang='lat' dir='ltr'><strong>auctoris</strong></span> <span class='ocrx_word' id='word_1_140' title='bbox 326 1511 511 1556; x_wconf 90' lang='lat' dir='ltr'><strong>animum</strong></span> <span class='ocrx_word' id='word_1_141' title='bbox 541 1512 843 1572; x_wconf 85' lang='lat' dir='ltr'><strong>ingeniumque</strong></span> <span class='ocrx_word' id='word_1_142' title='bbox 874 1509 1069 1554; x_wconf 89' lang='lat' dir='ltr'><strong>reddunt.</strong></span> <span class='ocrx_word' id='word_1_143' title='bbox 1120 1509 1259 1570; x_wconf 86' lang='lat' dir='ltr'><strong>Atque</strong></span> <span class='ocrx_word' id='word_1_144' title='bbox 1290 1523 1342 1551; x_wconf 86' lang='lat' dir='ltr'><strong>ea</strong></span> <span class='ocrx_word' id='word_1_145' title='bbox 1373 1524 1461 1551; x_wconf 87' lang='lat' dir='ltr'><strong>om-</strong></span> <span class='ocrx_word' id='word_1_146' title='bbox 1502 1534 1504 1536; x_wconf 34' lang='lat' dir='ltr'>v</span> 
     </span>
     <span class='ocr_line' id='line_1_20' title="bbox 112 1570 1463 1643; baseline -0.001 -16"><span class='ocrx_word' id='word_1_147' title='bbox 112 1583 212 1627; x_wconf 90' lang='lat' dir='ltr'><strong>nino</strong></span> <span class='ocrx_word' id='word_1_148' title='bbox 243 1582 391 1627; x_wconf 81' lang='lat' dir='ltr'><strong>harum</strong></span> <span class='ocrx_word' id='word_1_149' title='bbox 421 1570 658 1627; x_wconf 78' lang='lat' dir='ltr'><strong>orationum</strong></span> <span class='ocrx_word' id='word_1_150' title='bbox 688 1581 796 1626; x_wconf 85' lang='lat' dir='ltr'><strong>ratio</strong></span> <span class='ocrx_word' id='word_1_151' title='bbox 828 1590 905 1636; x_wconf 88' lang='lat' dir='ltr'><strong>est,</strong></span> <span class='ocrx_word' id='word_1_152' title='bbox 937 1591 982 1625; x_wconf 85' lang='lat' dir='ltr'><strong>ut</strong></span> <span class='ocrx_word' id='word_1_153' title='bbox 1011 1580 1148 1641; x_wconf 87' lang='lat' dir='ltr'><strong>magis</strong></span> <span class='ocrx_word' id='word_1_154' title='bbox 1176 1581 1230 1625; x_wconf 84' lang='lat' dir='ltr'><strong>ad</strong></span> <span class='ocrx_word' id='word_1_155' title='bbox 1252 1580 1463 1643; x_wconf 88' lang='lat' dir='ltr'><strong>composi-</strong></span> 
     </span>
     <span class='ocr_line' id='line_1_21' title="bbox 112 1651 1463 1714; baseline -0.003 -15"><span class='ocrx_word' id='word_1_156' title='bbox 112 1654 237 1699; x_wconf 80' lang='lat' dir='ltr'><strong>tionis</strong></span> <span class='ocrx_word' id='word_1_157' title='bbox 268 1664 400 1698; x_wconf 88' lang='lat' dir='ltr'><strong>artcm</strong></span> <span class='ocrx_word' id='word_1_158' title='bbox 432 1669 559 1714; x_wconf 89' lang='lat' dir='ltr'><strong>quam</strong></span> <span class='ocrx_word' id='word_1_159' title='bbox 590 1653 646 1697; x_wconf 81' lang='lat' dir='ltr'><strong>ad</strong></span> <span class='ocrx_word' id='word_1_160' title='bbox 676 1651 816 1714; x_wconf 88' lang='lat' dir='ltr'><strong>ipsum</strong></span> <span class='ocrx_word' id='word_1_161' title='bbox 852 1668 992 1711; x_wconf 82' lang='lat' dir='ltr'><strong>rerum</strong></span> <span class='ocrx_word' id='word_1_162' title='bbox 1030 1662 1242 1711; x_wconf 85' lang='lat' dir='ltr'><strong>gestarum</strong></span> <span class='ocrx_word' id='word_1_163' title='bbox 1280 1651 1463 1713; x_wconf 86' lang='lat' dir='ltr'><strong>comple-</strong></span> 
     </span>
     <span class='ocr_line' id='line_1_22' title="bbox 112 1721 1463 1786; baseline -0.001 -18"><span class='ocrx_word' id='word_1_164' title='bbox 112 1743 209 1768; x_wconf 85' lang='lat' dir='ltr'><strong>xum</strong></span> <span class='ocrx_word' id='word_1_165' title='bbox 248 1724 503 1786; x_wconf 83' lang='lat' dir='ltr'><strong>pertineant,</strong></span> <span class='ocrx_word' id='word_1_166' title='bbox 553 1723 776 1784; x_wconf 87' lang='lat' dir='ltr'><strong>chorisque</strong></span> <span class='ocrx_word' id='word_1_167' title='bbox 814 1721 1068 1782; x_wconf 79' lang='lat' dir='ltr'><strong>tragicorum</strong></span> <span class='ocrx_word' id='word_1_168' title='bbox 1105 1721 1343 1767; x_wconf 74' lang='lat' dir='ltr'><strong>consimiles</strong></span> <span class='ocrx_word' id='word_1_169' title='bbox 1376 1738 1463 1767; x_wconf 92' lang='lat' dir='ltr'><strong>non</strong></span> 
     </span>
     <span class='ocr_line' id='line_1_23' title="bbox 113 1793 1462 1858; baseline -0.002 -18"><span class='ocrx_word' id='word_1_170' title='bbox 113 1796 250 1858; x_wconf 84' lang='lat' dir='ltr'><strong>ipsam</strong></span> <span class='ocrx_word' id='word_1_171' title='bbox 298 1795 527 1850; x_wconf 86' lang='lat' dir='ltr'><strong>actionem,</strong></span> <span class='ocrx_word' id='word_1_172' title='bbox 579 1794 654 1838; x_wconf 85' lang='lat' dir='ltr'><strong>sed</strong></span> <span class='ocrx_word' id='word_1_173' title='bbox 705 1793 917 1855; x_wconf 89' lang='lat' dir='ltr'><strong>quomodo</strong></span> <span class='ocrx_word' id='word_1_174' title='bbox 967 1809 1106 1836; x_wconf 90' lang='lat' dir='ltr'><strong>rerum</strong></span> <span class='ocrx_word' id='word_1_175' title='bbox 1146 1809 1295 1837; x_wconf 85' lang='lat' dir='ltr'><strong>causas</strong></span> <span class='ocrx_word' id='word_1_176' title='bbox 1337 1803 1462 1854; x_wconf 87' lang='lat' dir='ltr'><strong>atque</strong></span> 
     </span>
     <span class='ocr_line' id='line_1_24' title="bbox 114 1863 1324 1927; baseline -0.001 -15"><span class='ocrx_word' id='word_1_177' title='bbox 114 1877 284 1913; x_wconf 83' lang='lat' dir='ltr'><strong>eventus</strong></span> <span class='ocrx_word' id='word_1_178' title='bbox 317 1866 457 1910; x_wconf 87' lang='lat' dir='ltr'><strong>animo</strong></span> <span class='ocrx_word' id='word_1_179' title='bbox 488 1865 752 1927; x_wconf 88' lang='lat' dir='ltr'><strong>conceperint</strong></span> <span class='ocrx_word' id='word_1_180' title='bbox 782 1874 987 1919; x_wconf 82' lang='lat' dir='ltr'><strong>auctores,</strong></span> <span class='ocrx_word' id='word_1_181' title='bbox 1020 1863 1254 1926; x_wconf 73' lang='lat' dir='ltr'><strong>exprimant</strong></span> <span class='ocrx_word' id='word_1_182' title='bbox 1273 1869 1324 1915; x_wconf 72' lang='lat'><strong>⁵).</strong></span> 
     </span>
    </p>
   </div>
   <div class='ocr_carea' id='block_1_5' title="bbox 142 2008 1461 2075">
    <p class='ocr_par' dir='ltr' id='par_1_6' title="bbox 142 2008 1461 2075">
     <span class='ocr_line' id='line_1_25' title="bbox 142 2008 1461 2075; baseline -0.003 -16"><span class='ocrx_word' id='word_1_183' title='bbox 142 2024 177 2069; x_wconf 93' lang='lat'><strong>¹)</strong></span> <span class='ocrx_word' id='word_1_184' title='bbox 195 2008 262 2060; x_wconf 65' lang='lat' dir='ltr'><strong>&#39;ct</strong></span> <span class='ocrx_word' id='word_1_185' title='bbox 287 2021 476 2075; x_wconf 73' lang='lat' dir='ltr'><strong>integrum</strong></span> <span class='ocrx_word' id='word_1_186' title='bbox 501 2020 549 2057; x_wconf 88' lang='lat' dir='ltr'><strong>de</strong></span> <span class='ocrx_word' id='word_1_187' title='bbox 575 2021 703 2056; x_wconf 85' lang='lat' dir='ltr'><strong>Germ.</strong></span> <span class='ocrx_word' id='word_1_188' title='bbox 728 2018 926 2062; x_wconf 87' lang='lat' dir='ltr'><strong>libellum,</strong></span> <span class='ocrx_word' id='word_1_189' title='bbox 953 2018 1157 2066; x_wconf 83' lang='lat' dir='ltr'><strong>praecipue</strong></span> <span class='ocrx_word' id='word_1_190' title='bbox 1182 2031 1241 2066; x_wconf 88' lang='lat' dir='ltr'><strong>op.</strong></span> <span class='ocrx_word' id='word_1_191' title='bbox 1270 2023 1315 2060; x_wconf 80' lang='grc'><strong>19</strong></span> <span class='ocrx_word' id='word_1_192' title='bbox 1341 2025 1378 2055; x_wconf 88' lang='lat' dir='ltr'><strong>et</strong></span> <span class='ocrx_word' id='word_1_193' title='bbox 1402 2025 1461 2058; x_wconf 83' lang='lat'><strong>33.</strong></span> 
     </span>
    </p>
   </div>
   <div class='ocr_carea' id='block_1_6' title="bbox 140 2090 1462 2202">
    <p class='ocr_par' dir='ltr' id='par_1_7' title="bbox 140 2090 1462 2202">
     <span class='ocr_line' id='line_1_26' title="bbox 140 2090 1462 2143; baseline -0.004 -11"><span class='ocrx_word' id='word_1_194' title='bbox 140 2096 177 2143; x_wconf 85' lang='lat'><strong>²)</strong></span> <span class='ocrx_word' id='word_1_195' title='bbox 201 2093 410 2132; x_wconf 86' lang='lat' dir='ltr'><strong>Verissime</strong></span> <span class='ocrx_word' id='word_1_196' title='bbox 433 2093 529 2128; x_wconf 86' lang='lat' dir='ltr'><strong>Plin.</strong></span> <span class='ocrx_word' id='word_1_197' title='bbox 556 2095 625 2140; x_wconf 74' lang='lat' dir='ltr'><strong>Ep.</strong></span> <span class='ocrx_word' id='word_1_198' title='bbox 651 2090 693 2134; x_wconf 77' lang='grc'><strong>4,</strong></span> <span class='ocrx_word' id='word_1_199' title='bbox 725 2095 792 2128; x_wconf 87' lang='lat'><strong>20:</strong></span> <span class='ocrx_word' id='word_1_200' title='bbox 825 2092 954 2126; x_wconf 80' lang='lat' dir='ltr'><strong>Dolori</strong></span> <span class='ocrx_word' id='word_1_201' title='bbox 988 2090 1115 2139; x_wconf 87' lang='lat' dir='ltr'><strong>inquit</strong></span> <span class='ocrx_word' id='word_1_202' title='bbox 1146 2091 1402 2126; x_wconf 76' lang='lat' dir='ltr'><strong>sublimitatem</strong></span> <span class='ocrx_word' id='word_1_203' title='bbox 1419 2099 1462 2132; x_wconf 18' lang='lat' dir='ltr'><strong>&gt;et</strong></span> 
     </span>
     <span class='ocr_line' id='line_1_27' title="bbox 205 2151 1462 2202; baseline -0.004 -12"><span class='ocrx_word' id='word_1_204' title='bbox 205 2152 520 2202; x_wconf 78' lang='lat' dir='ltr'><strong>magnificentiam</strong></span> <span class='ocrx_word' id='word_1_205' title='bbox 553 2154 759 2201; x_wconf 81' lang='lat' dir='ltr'><strong>ingenium,</strong></span> <span class='ocrx_word' id='word_1_206' title='bbox 803 2152 951 2198; x_wconf 79' lang='lat' dir='ltr'><strong>ingenio</strong></span> <span class='ocrx_word' id='word_1_207' title='bbox 992 2151 1067 2186; x_wconf 87' lang='lat' dir='ltr'><strong>vim</strong></span> <span class='ocrx_word' id='word_1_208' title='bbox 1108 2158 1143 2187; x_wconf 77' lang='lat' dir='ltr'><strong>et</strong></span> <span class='ocrx_word' id='word_1_209' title='bbox 1178 2151 1462 2187; x_wconf 76' lang='lat' dir='ltr'><strong>amaritudinem</strong></span> 
     </span>
    </p>
   </div>
   <div class='ocr_carea' id='block_1_7' title="bbox 140 2213 1512 2774">
    <p class='ocr_par' dir='ltr' id='par_1_8' title="bbox 141 2213 458 2251">
     <span class='ocr_line' id='line_1_28' title="bbox 141 2213 458 2251; baseline -0.003 0"><span class='ocrx_word' id='word_1_210' title='bbox 141 2215 142 2218; x_wconf 68' lang='grc'>’</span> <span class='ocrx_word' id='word_1_211' title='bbox 207 2214 312 2251; x_wconf 78' lang='lat' dir='ltr'><em>dolor</em></span> <span class='ocrx_word' id='word_1_212' title='bbox 336 2213 458 2250; x_wconf 80' lang='lat' dir='ltr'><strong>addit.</strong></span> 
     </span>
    </p>

    <p class='ocr_par' dir='ltr' id='par_1_9' title="bbox 142 2284 513 2334">
     <span class='ocr_line' id='line_1_29' title="bbox 142 2284 513 2334; baseline -0.011 -12"><span class='ocrx_word' id='word_1_213' title='bbox 142 2286 179 2332; x_wconf 83' lang='lat'><strong>³)</strong></span> <span class='ocrx_word' id='word_1_214' title='bbox 203 2284 331 2334; x_wconf 82' lang='lat' dir='ltr'><strong>Agric.</strong></span> <span class='ocrx_word' id='word_1_215' title='bbox 359 2290 404 2323; x_wconf 88' lang='grc'><strong>30</strong></span> <span class='ocrx_word' id='word_1_216' title='bbox 431 2295 513 2332; x_wconf 79' lang='lat' dir='ltr'><strong>sqq.</strong></span> 
     </span>
    </p>

    <p class='ocr_par' dir='ltr' id='par_1_10' title="bbox 140 2353 1461 2517">
     <span class='ocr_line' id='line_1_30' title="bbox 140 2353 1461 2403; baseline -0.002 -11"><span class='ocrx_word' id='word_1_217' title='bbox 140 2358 175 2403; x_wconf 74' lang='lat'><strong>⁴)</strong></span> <span class='ocrx_word' id='word_1_218' title='bbox 200 2359 342 2392; x_wconf 83' lang='lat' dir='ltr'><strong>Notum</strong></span> <span class='ocrx_word' id='word_1_219' title='bbox 365 2362 432 2399; x_wconf 87' lang='lat' dir='ltr'><strong>est,</strong></span> <span class='ocrx_word' id='word_1_220' title='bbox 458 2354 534 2401; x_wconf 87' lang='lat' dir='ltr'><strong>jam</strong></span> <span class='ocrx_word' id='word_1_221' title='bbox 561 2353 787 2402; x_wconf 82' lang='lat' dir='ltr'><strong>Cratippum</strong></span> <span class='ocrx_word' id='word_1_222' title='bbox 810 2354 853 2388; x_wconf 91' lang='lat' dir='ltr'><strong>in</strong></span> <span class='ocrx_word' id='word_1_223' title='bbox 878 2353 1108 2400; x_wconf 80' lang='lat' dir='ltr'><strong>Thucydide</strong></span> <span class='ocrx_word' id='word_1_224' title='bbox 1135 2353 1286 2403; x_wconf 83' lang='lat' dir='ltr'><strong>aequali</strong></span> <span class='ocrx_word' id='word_1_225' title='bbox 1302 2366 1371 2390; x_wconf 90' lang='lat' dir='ltr'><strong>suo</strong></span> <span class='ocrx_word' id='word_1_226' title='bbox 1398 2354 1461 2392; x_wconf 85' lang='lat' dir='ltr'><strong>vi-</strong></span> 
     </span>
     <span class='ocr_line' id='line_1_31' title="bbox 206 2413 1461 2464; baseline -0.002 -12"><span class='ocrx_word' id='word_1_227' title='bbox 206 2423 399 2464; x_wconf 86' lang='lat' dir='ltr'><strong>tuperasse</strong></span> <span class='ocrx_word' id='word_1_228' title='bbox 424 2414 610 2451; x_wconf 84' lang='lat' dir='ltr'><strong>orationes</strong></span> <span class='ocrx_word' id='word_1_229' title='bbox 635 2413 815 2450; x_wconf 84' lang='lat' dir='ltr'><strong>historiae</strong></span> <span class='ocrx_word' id='word_1_230' title='bbox 830 2413 990 2450; x_wconf 87' lang='lat' dir='ltr'><strong>insertas</strong></span> <span class='ocrx_word' id='word_1_231' title='bbox 1008 2413 1116 2462; x_wconf 83' lang='lat' dir='ltr'><strong>quasi</strong></span> <span class='ocrx_word' id='word_1_232' title='bbox 1133 2416 1313 2450; x_wconf 84' lang='lat' dir='ltr'><strong>molestas</strong></span> <span class='ocrx_word' id='word_1_233' title='bbox 1328 2416 1461 2463; x_wconf 82' lang='lat' dir='ltr'><strong>legen-</strong></span> 
     </span>
     <span class='ocr_line' id='line_1_32' title="bbox 180 2475 324 2517; baseline 0.007 -6"><span class='ocrx_word' id='word_1_234' title='bbox 180 2514 183 2517; x_wconf 19' lang='lat'>&gt;</span> <span class='ocrx_word' id='word_1_235' title='bbox 207 2475 324 2512; x_wconf 85' lang='lat' dir='ltr'><strong>tibus.</strong></span> 
     </span>
    </p>

    <p class='ocr_par' dir='ltr' id='par_1_11' title="bbox 141 2542 1512 2774">
     <span class='ocr_line' id='line_1_33' title="bbox 141 2542 1459 2595; baseline -0.002 -12"><span class='ocrx_word' id='word_1_236' title='bbox 141 2548 182 2595; x_wconf 79' lang='lat'><strong>⁵)</strong></span> <span class='ocrx_word' id='word_1_237' title='bbox 204 2548 395 2592; x_wconf 82' lang='lat' dir='ltr'><strong>„Tacitus</strong></span> <span class='ocrx_word' id='word_1_238' title='bbox 427 2542 610 2581; x_wconf 68' lang='lat' dir='ltr'><strong>orationes</strong></span> <span class='ocrx_word' id='word_1_239' title='bbox 637 2547 857 2580; x_wconf 80' lang='lat' dir='ltr'><strong>immiscens</strong></span> <span class='ocrx_word' id='word_1_240' title='bbox 888 2546 1103 2580; x_wconf 79' lang='lat' dir='ltr'><strong>narrationi</strong></span> <span class='ocrx_word' id='word_1_241' title='bbox 1136 2551 1234 2580; x_wconf 82' lang='lat' dir='ltr'><strong>totus</strong></span> <span class='ocrx_word' id='word_1_242' title='bbox 1266 2545 1402 2592; x_wconf 80' lang='lat' dir='ltr'><strong>pendet</strong></span> <span class='ocrx_word' id='word_1_243' title='bbox 1439 2558 1459 2580; x_wconf 85' lang='lat' dir='ltr'><strong>e</strong></span> 
     </span>
     <span class='ocr_line' id='line_1_34' title="bbox 204 2603 1456 2659; baseline -0.002 -17"><span class='ocrx_word' id='word_1_244' title='bbox 204 2619 308 2659; x_wconf 77' lang='lat' dir='ltr'><strong>more</strong></span> <span class='ocrx_word' id='word_1_245' title='bbox 330 2613 515 2651; x_wconf 84' lang='lat' dir='ltr'><strong>veterum,</strong></span> <span class='ocrx_word' id='word_1_246' title='bbox 551 2607 614 2652; x_wconf 80' lang='lat' dir='ltr'><strong>qui</strong></span> <span class='ocrx_word' id='word_1_247' title='bbox 649 2605 796 2653; x_wconf 83' lang='lat' dir='ltr'><strong>quidem</strong></span> <span class='ocrx_word' id='word_1_248' title='bbox 822 2616 899 2639; x_wconf 83' lang='lat' dir='ltr'><strong>non</strong></span> <span class='ocrx_word' id='word_1_249' title='bbox 923 2605 1098 2655; x_wconf 77' lang='lat' dir='ltr'><strong>religiosa</strong></span> <span class='ocrx_word' id='word_1_250' title='bbox 1117 2603 1202 2650; x_wconf 82' lang='lat' dir='ltr'><strong>fide</strong></span> <span class='ocrx_word' id='word_1_251' title='bbox 1227 2616 1323 2651; x_wconf 82' lang='lat' dir='ltr'><strong>quae</strong></span> <span class='ocrx_word' id='word_1_252' title='bbox 1348 2604 1456 2640; x_wconf 82' lang='lat' dir='ltr'><strong>dicta</strong></span> 
     </span>
     <span class='ocr_line' id='line_1_35' title="bbox 204 2662 1454 2713; baseline -0.002 -11"><span class='ocrx_word' id='word_1_253' title='bbox 204 2662 293 2712; x_wconf 76' lang='lat' dir='ltr'><strong>vsint,</strong></span> <span class='ocrx_word' id='word_1_254' title='bbox 317 2665 384 2702; x_wconf 84' lang='lat' dir='ltr'><strong>sed</strong></span> <span class='ocrx_word' id='word_1_255' title='bbox 409 2678 503 2713; x_wconf 84' lang='lat' dir='ltr'><strong>quae</strong></span> <span class='ocrx_word' id='word_1_256' title='bbox 527 2665 741 2709; x_wconf 55' lang='lat' dir='ltr'><strong>dictasssse</strong></span> <span class='ocrx_word' id='word_1_257' title='bbox 773 2664 834 2700; x_wconf 83' lang='lat' dir='ltr'><strong>vel</strong></span> <span class='ocrx_word' id='word_1_258' title='bbox 864 2663 940 2700; x_wconf 81' lang='lat' dir='ltr'><strong>dici</strong></span> <span class='ocrx_word' id='word_1_259' title='bbox 966 2666 1133 2710; x_wconf 83' lang='lat' dir='ltr'><strong>potuisse</strong></span> <span class='ocrx_word' id='word_1_260' title='bbox 1162 2665 1361 2699; x_wconf 80' lang='lat' dir='ltr'><strong>verisimile</strong></span> <span class='ocrx_word' id='word_1_261' title='bbox 1394 2665 1454 2710; x_wconf 82' lang='lat' dir='ltr'><strong>sit,</strong></span> 
     </span>
     <span class='ocr_line' id='line_1_36' title="bbox 204 2716 1512 2774; baseline -0.001 -13"><span class='ocrx_word' id='word_1_262' title='bbox 204 2738 273 2774; x_wconf 80' lang='lat' dir='ltr'><strong>pro</strong></span> <span class='ocrx_word' id='word_1_263' title='bbox 302 2726 470 2774; x_wconf 85' lang='lat' dir='ltr'><strong>genuina</strong></span> <span class='ocrx_word' id='word_1_264' title='bbox 509 2726 692 2768; x_wconf 82' lang='lat' dir='ltr'><strong>oratione,</strong></span> <span class='ocrx_word' id='word_1_265' title='bbox 734 2725 893 2771; x_wconf 81' lang='lat' dir='ltr'><strong>itemque</strong></span> <span class='ocrx_word' id='word_1_266' title='bbox 924 2723 1117 2760; x_wconf 84' lang='lat' dir='ltr'><strong>codicillos</strong></span> <span class='ocrx_word' id='word_1_267' title='bbox 1154 2724 1354 2771; x_wconf 69' lang='lat' dir='ltr'><strong>litera-sque</strong></span> <span class='ocrx_word' id='word_1_268' title='bbox 1379 2735 1456 2760; x_wconf 85' lang='lat' dir='ltr'><strong>non</strong></span> <span class='ocrx_word' id='word_1_269' title='bbox 1506 2716 1512 2731; x_wconf 84' lang='lat'><strong><em>‘</em></strong></span> 
     </span>
    </p>
   </div>
  </div>
 </body>
</html>
