1702 2982
255 218 405 255 XXXIV
603 247 605 250 Α
644 273 648 275 ξ
738 208 1122 271 Prolegomena

256 346 348 373 rum
371 326 568 392 studium,
598 343 685 372 non
715 328 891 373 virtutes
924 327 1051 373 stili
1039 345 1084 373 1n
1102 326 1169 383 iis,
1202 327 1239 372 si
1259 326 1494 378 accuratius
1512 335 1613 401 per·
1643 319 1675 335 ’”

256 398 465 463 penderis,
498 397 676 442 latentes
709 397 937 443 observare
967 397 1081 443 velit.
1142 395 1261 444 Nam
1292 397 1418 454 artis,
1451 385 1613 444 doetri-

219 481 226 487 ‘
257 487 361 526 nae,
397 469 556 528 ingenii
586 479 627 513 et
657 467 920 530 eloquentiae
952 469 1253 535 ostentatione,
1290 469 1390 535 yani
1420 464 1609 524 ornatus,

258 539 620 595 sententiolarum,
661 539 1002 600 argutiarumque
1044 550 1085 584 et
1121 539 1347 584 verborum
1375 538 1523 586 inanis
1545 537 1609 584 lu-

260 628 330 656 sus
362 611 554 656 affectato
586 611 739 665 studio,
781 626 958 671 quorum
990 611 1058 654 vix
1089 626 1194 655 sana
1219 620 1359 667 mente
1389 602 1609 672 praeditus

261 682 482 745 quisquam
522 681 631 726 serio
669 679 982 726 insimulaverit
1014 679 1233 737 Tacitum,
1272 696 1448 742 prorsus
1485 697 1610 744 repu-

262 753 400 808 diatis,
433 751 470 796 si
491 762 629 796 cetera
650 751 819 813 saepius
852 751 979 796 etiam
1003 751 1116 812 apud
1136 748 1328 797 nost-runi
1350 767 1478 815 quam
1496 751 1628 813 apud,

260 823 367 870 alios
388 815 647 886 plerosque
635 823 886 878 mvenimus,
919 822 996 867 sed
1026 822 1084 867 ita
1114 821 1319 879 adhibita,
1343 821 1405 867 ita
1423 819 1611 884 reliquae

261 894 444 939 orationi
476 894 676 950 admixta,
707 905 752 938 ut
781 909 917 955 neque
949 892 1094 938 Latini
1123 893 1342 960 sermonis,
1373 901 1429 938 ne'
1457 891 1611 942 veteris

262 966 453 1027 quidem,
498 963 613 1025 leges
655 964 886 1025 migrasse,
930 975 981 1009 et·
1010 980 1220 1008 summum
1255 974 1476 1026 praeterea
1513 961 1612 1016 stilo

260 1035 478 1098 gravitatis
500 1036 821 1097 majestatisque
843 1035 968 1082 decus
991 1034 1248 1079 adstruxisse
1272 1034 1472 1090 videatur,
1496 1031 1611 1095 quid,

211 1101 216 1150 ³.
264 1122 438 1169 quaeso,
461 1116 524 1150 est
547 1106 661 1167 quod
683 1105 736 1150 ob
761 1122 855 1151 eam
886 1123 975 1150 rem
999 1105 1198 1150 Tacitum
1219 1103 1612 1167 reprehendamus?
1639 1151 1643 1156 7
1676 1150 1678 1152 .

259 1176 365 1224 Sunt
387 1193 488 1222 sane
508 1176 685 1226 multa'
671 1195 716 1221 1n
747 1177 837 1237 ejus
870 1175 1061 1221 oratione
1091 1187 1284 1222 contorta
1303 1175 1612 1240 propemodum

260 1259 388 1310 atquc
409 1249 588 1308 abrupta
618 1246 821 1291 brevitate
852 1246 1117 1300 obscuriora3
1149 1247 1294 1302 mulla,
1327 1263 1434 1309 quae
1462 1262 1490 1292 a
1518 1245 1610 1296 vnl-

260 1319 351 1380 gari
380 1317 580 1380 loquendi
611 1317 911 1362 consuetudine
939 1318 1152 1373 recedunt,
1185 1319 1452 1364 attentiorem
1472 1315 1611 1379 requi-

198 1408 204 1416 ..
259 1400 357 1435 runt
386 1389 608 1440 lectorem3
650 1388 724 1432 sed
754 1398 801 1433 ut
830 1387 967 1433 lactea
1004 1388 1089 1433 ista
1124 1388 1240 1434 Livii
1273 1389 1466 1444 ubertas,
1503 1387 1613 1432 mira

261 1459 482 1506 Ciceronis
505 1458 781 1520 perspicuitas
801 1458 984 1503 oblectat
1001 1458 1229 1519 legentium
1245 1459 1410 1505 animos
1432 1469 1474 1504 et
1489 1458 1613 1520 quasi

259 1541 411 1594 sponte
444 1529 589 1574 oblata
611 1545 660 1574 ac
682 1529 771 1574 sine
792 1546 949 1591 magno
970 1530 1118 1575 labore
1138 1532 1261 1593 par't'a
1281 1530 1495 1593 'voluptate
1514 1546 1612 1591 per·

258 1600 431 1657 mulcet,
462 1600 521 1644 ita
539 1599 682 1645 Taciti
697 1601 882 1646 brevitas
901 1601 1081 1646 obscura
1099 1601 1283 1663 quidem,
1302 1601 1377 1648 sed
1391 1616 1610 1668 nunquam

256 1671 498 1732 injucunda,
510 1687 725 1732 nunquam
742 1671 899 1731 ingenii
917 1672 1097 1717 acumini
1113 1671 1505 1734 impenetrabilis1),
1516 1687 1612 1717 cum
1663 1688 1665 1690 ’

259 1758 407 1787 omnes
447 1741 676 1803 legentium
717 1742 827 1787 vires
866 1743 1057 1788 intendat
1095 1761 1172 1788 nec
1208 1757 1396 1805 unquam
1427 1741 1610 1787 otiosum

258 1829 352 1857 esse
392 1812 575 1874 patiatur
613 1813 799 1857 animum
811 1820 871 1869 ²),
911 1815 987 1858 sed
1018 1814 1139 1859 novis
1171 1830 1304 1874 usque
1335 1812 1610 1858 contentioni·
1640 1859 1642 1861 ,

258 1883 338 1928 bus
379 1893 567 1928 exerceat
606 1885 661 1928 ad
699 1884 928 1929 altissimas
959 1884 1347 1946 pulcherrimasque
1378 1883 1608 1928 sententias

259 1953 426 2015 penitus
449 1953 727 2017 imbibendas,
758 1954 871 1999 haud
901 1971 1004 1999 sane
1034 1955 1208 2016 minore,
1240 1954 1373 1998 immo
1394 1969 1610 2014 nunquam

258 2023 445 2085 perituro
477 2034 530 2079 et,
577 2025 690 2085 quod
719 2025 949 2070 maximum
981 2035 1058 2081 est,
1091 2024 1145 2069 ad
1174 2024 1281 2070 hene
1311 2023 1516 2086 beateque
1546 2024 1608 2069 vi-

286 2188 323 2234 ¹)
350 2189 508 2238 Egregie
530 2201 687 2236 prorsus
711 2191 884 2226 Muretus
909 2201 965 2225 or.
991 2194 1033 2234 2,
1063 2188 1109 2228 14
1133 2191 1234 2234 „hoc
1257 2188 1386 2237 inquit
1410 2191 1523 2237 quasi
1543 2184 1610 2228 ve—

351 2249 431 2284 lum
456 2256 512 2284 est
537 2249 637 2296 quod
660 2249 834 2297 profanis
849 2248 1095 2285 obtenditur“
1123 2255 1160 2285 et
1175 2250 1307 2296 paullo
1325 2244 1436 2285 ante.-
1459 2250 1611 2298 „Equi-

351 2306 436 2342 dem
463 2319 551 2343 cum
575 2311 666 2344 istos
692 2309 740 2344 de
763 2308 992 2345 obscuritate
1019 2311 1144 2344 Taciti
1170 2315 1364 2356 querentes
1385 2307 1512 2354 audio,
1540 2320 1609 2345 co-

348 2366 428 2412 gito
454 2378 570 2417 quam
596 2367 750 2403 libenter
773 2368 942 2403 homines
966 2360 1122 2416 culpam
1145 2380 1255 2403 suam
1289 2369 1331 2402 ἱη
1356 2368 1452 2404 alios
1477 2366 1610 2414 confe-

351 2431 459 2469 rant,
494 2434 704 2487 quantoque
723 2426 892 2473 facilius
924 2428 1055 2463 omnia
1089 2429 1170 2464 aba
1201 2421 1381 2464 accusent
1407 2439 1524 2475 quam
1548 2439 1611 2463 se-

322 2507 324 2510 v
351 2485 539 2531 metipUsos
550 2469 598 2506 ‘⁶
683 2487 694 2494 “

285 2565 321 2610 ²)
347 2565 546 2601 Gordonl.
562 2568 589 2601 1.
611 2579 795 2616 perquam
819 2569 912 2606 scite
936 2570 1147 2606 orationem
1171 2570 1294 2606 Taciti
1318 2552 1514 2619 coniparat
1535 2581 1606 2611 ve-

348 2625 517 2661 lamento
551 2624 749 2673 Poppaeae
780 2627 962 2673 Sabinae,
989 2640 1067 2678 quo
1100 2628 1183 2676 ipse
1208 2641 1293 2665 eam
1318 2629 1420 2667 dicat
1441 2631 1606 2667 velatam

346 2682 464 2719 fuisse
490 2690 595 2732 parte
620 2685 715 2730 oris,
749 2698 799 2722 ne
827 2687 979 2724 satiaret
1001 2688 1224 2736 adspectum
1247 2691 1312 2728 vel
1336 2687 1427 2738 quia
1454 2686 1517 2724 sio
1533 2687 1603 2724 de-

350 2742 485 2779 cuerit.
1120 2768 1121 2771 =
1347 2759 1371 2770 N

285 2801 302 2810 x
