1702 2982
646 243 648 245 Ι
680 158 987 251 Coniunctirus
1112 208 1115 212 ’
1134 230 1137 237 ,
1388 178 1391 181 Ι
1423 200 1507 244 109

148 309 215 335 nes
238 297 420 348 (ἰωῇ
441 292 576 349 nempe
596 302 733 339 victas.
758 291 807 331 -⁴-
831 306 1009 354 integros
1028 299 1508 358 iricruentosque„.Flavia-

147 358 209 393 nis
241 370 386 406 quoque
413 347 603 408 ‘partibus
627 362 740 406 viles,
781 362 877 411 quid
910 363 1080 401 dicturos
1119 369 1398 414 reposcentibus
1438 378 1508 408 aut

145 425 331 463 prospera
354 420 422 452 aut
445 418 637 457 adversa?
669 415 730 467 cp.
750 422 797 460 70
821 431 890 456 cur
921 425 1020 458 enim
1052 434 1072 458 e
1096 427 1228 461 rostris
1249 426 1397 473 fratris
1431 430 1507 467 do-

145 485 252 511 mum
283 474 467 522 petisset?
495 493 554 504 —·
577 484 766 527 quantum
799 481 934 516 occisis
969 493 1044 517 uno
1083 494 1169 519 sene
1201 491 1236 519 et
1268 500 1341 523 uno
1368 488 1507 533 juvene

143 529 304 579 profici?
342 533 475 583 Agric.
497 541 543 574 15
575 543 765 586 quantum
797 541 898 576 enim
931 538 1113 577 transisse
1143 543 1327 590 militum,
1361 550 1394 583 si
1425 561 1506 586 sese

142 591 323 629 Britanni
345 596 567 631 numerent?

158 642 160 644 V
235 646 283 694 4)
316 653 422 688 Non
450 652 612 691 minus
647 653 970 702 conjunctivo
1003 669 1146 707 quam
1179 659 1454 700 indicativo
1479 678 1503 702 a

139 707 314 758 Tacito
338 709 616 761 junguntur
638 719 772 750 recta
796 714 1017 753 oratione
1042 719 1275 767 quaedam
1299 721 1503 768 conjun-

138 765 354 813 ctiones,
400 781 523 819 quae
565 769 691 808 alias
739 774 1027 824 plerumque
1065 780 1224 815 solum
1263 778 1502 819 indicati—

137 837 252 864 vum
275 830 546 874 postulant.

132 928 136 929 ⁷
233 885 463 932 a)‘ubir(v.
491 899 591 936 quae
614 899 730 936 supra
763 889 865 926 dicta
897 898 988 929 sunt
1011 905 1050 930 n.
1063 894 1118 942 2),
1152 895 1188 932 si
1221 892 1499 947 quid‘saepius

135 941 283 979 factum
304 942 507 989 indicatur,
533 946 650 983 etiam
674 960 695 983 a
709 948 900 996 prioribus
919 951 1165 998 conjunctivo
1191 954 1383 993 interdum
1407 958 1499 1005 jun-

134 1000 249 1050 gitur,
277 1008 322 1039 ut
344 1003 430 1039 Liv.
445 1009 477 1048 8,
495 1009 515 1043 8
541 1004 608 1041 ubi
632 1007 694 1043 his
722 1008 916 1044 ordinibus
948 1015 1138 1049 eoeercitus
1168 1016 1361 1051 insructus
1385 1025 1497 1064 esset,

133 1060 280 1097 hastati
323 1065 492 1098 omnium
523 1066 641 1111 primi
667 1077 842 1115 pugnam
875 1069 1043 1116 inibant,·
1084 1070 1144 1118 42,
1166 1074 1213 1112 65
1245 1074 1313 1110 ubi
1346 1070 1498 1112 ordines

131 1120 399 1167 procursando
433 1123 656 1169 solvissent,
695 1126 880 1174 patebant
907 1128 1049 1172 jaculis
1057 1146 1070 1176 ;
1113 1132 1237 1168 Tacit.
1272 1135 1376 1170 Ann-
1397 1141 1429 1180 1,
1447 1134 1497 1175 44

132 1179 167 1212 si
202 1177 346 1214 tribuni
371 1199 420 1207 -
450 1182 708 1221 innocentiam
743 1186 1073 1235 adprobaverunt,
1109 1183 1295 1228 retinebat
1331 1194 1493 1241 ordines,

130 1234 201 1272 ubi
226 1240 435 1274 avaritiam
467 1248 536 1277 aut
568 1244 831 1281 crudelitatem
866 1258 1052 1283 consensu
1079 1248 1383 1303 objectavissent,
1417 1257 1496 1291 sol-

129 1295 291 1336 vebatur
332 1299 489 1344 militici;
530 1305 565 1345 3,
580 1307 602 1339 2
636 1302 704 1338 ubi
747 1306 916 1341 colonias
953 1309 1323 1356 transgrederentur,
1363 1321 1495 1351 atrata

129 1356 256 1404 plebes
281 1364 352 1394 cet.
389 1357 458 1394 Sin
483 1366 612 1396 autem
636 1373 717 1397 non
741 1362 921 1399 iteratum
945 1365 1176 1414 exprimitur
1199 1359 1354 1415 factu‘m,
1381 1384 1496 1410 usur-

128 1422 244 1463 patur
269 1415 513 1462 indicativus,
540 1425 585 1455 ut
611 1419 696 1457 Liv.
711 1425 746 1464 3,
763 1424 808 1461 70
835 1422 905 1459 ubi
927 1424 1010 1467 jam
1035 1425 1297 1463 inclinabatur
1324 1431 1493 1470 hostium

128 1476 244 1511 acies.
287 1476 374 1512 Huc
399 1475 563 1523 pertinet
588 1478 704 1514 etiam
730 1480 851 1517 Tacit.
877 1484 980 1518 Ann.
994 1489 1029 1528 2,
1046 1485 1089 1522 61
1116 1490 1335 1523 Memnonis
1367 1503 1493 1528 saxea

129 1532 273 1581 effigies
297 1533 366 1569 ubi
389 1534 512 1571 radiis
535 1538 623 1573 solis
651 1539 730 1573 icta
755 1546 812 1575 est
835 1543 1007 1578 vocalem
1032 1555 1167 1583 sonum
1193 1546 1374 1593 reddens;
1399 1563 1491 1589 nam

127 1590 203 1626 hoc
228 1592 314 1627 loco
343 1591 427 1628 ubi
451 1605 532 1629 non
556 1601 612 1631 est
636 1598 847 1645 quoties,
874 1601 942 1636 sed
967 1608 1069 1636 tum
1096 1603 1216 1640 c'um.
1262 1606 1334 1641 Sed
1362 1617 1492 1648 noster

126 1647 179 1684 ita
203 1661 359 1698 quoque
384 1651 634 1698 conjunctivo
658 1667 939 1707 nonnunquam
964 1659 1090 1708 jungit
1114 1662 1224 1698 illam
1246 1666 1488 1717 particulam,

124 1718 206 1742 non
230 1719 339 1744 secus
364 1719 408 1744 ac
434 1709 466 1746 si
491 1722 599 1746 cum
623 1722 836 1762 usurparet.
884 1718 988 1754 Ann.
1005 1725 1040 1764 3,
1061 1721 1109 1758 26
1133 1720 1202 1757 ubi
1234 1725 1332 1760 nihil
1355 1737 1489 1767 contra

123 1778 268 1802 morem
293 1775 486 1814 cuperent,
521 1771 617 1806 nihil
636 1784 707 1818 per
730 1781 870 1810 metum
896 1779 1148 1825 vetabantur·;
1179 1781 1276 1818 Hist.
1289 1789 1324 1832 2,
1339 1784 1386 1824 40
1417 1789 1488 1827 ubi

125 1819 293 1869 consiliis
323 1824 587 1872 vincerentur,
631 1830 686 1866 ad
717 1831 783 1876 jus
818 1835 964 1883 imperii
998 1834 1225 1877 transibant.
1260 1862 1309 1869 —-
1355 1847 1488 1884 Post-

123 1895 262 1932 quam
297 1890 444 1929 autem,
480 1897 503 1920 a
529 1886 711 1924 Cicerone
736 1890 851 1927 etiam
877 1894 1108 1942 quibusdam
1140 1899 1251 1937 locis
1269 1901 1328 1949 (v.
1353 1907 1488 1943 Rams-

120 1939 235 1978 horn.
260 1954 299 1990 p.
313 1947 385 1980 580
412 1948 450 1979 et
475 1944 572 1981 adde
598 1958 667 1994 pro
693 1949 842 1986 Cluent.
860 1950 925 1997 643
958 1956 986 1989 1.
1012 1956 1213 2005 Manil.4.)
1239 1960 1485 2009 conjunctivo

120 1999 363 2047 adjunctum,
399 2002 504 2050 apud
530 2004 709 2041 Tacitum
739 2010 867 2045 solum
898 2010 1154 2052 indicativum
1187 2018 1387 2058 retinuisse
1421 2024 1486 2061 vi·-

119 2057 242 2103 detur,
276 2058 354 2095 nisi
377 2059 474 2097 forte
498 2064 602 2100 Anu.
619 2069 674 2109 12,
689 2064 737 2105 54
767 2070 1001 2107 contrarium
1025 2073 1138 2111 docet
1169 2089 1293 2123 „sane
1314 2081 1485 2127 praebu-

118 2113 228 2154 erant
251 2118 384 2155 Iudaei
407 2122 565 2167 speciem
588 2131 712 2159 motus
737 2134 821 2162 orta
849 2129 1029 2167 seditione
1053 2132 1074 2154 '¹‘
1099 2142 1303 2185 postquam
1330 2145 1484 2188 cognita

118 2176 237 2212 caede
262 2177 340 2222 ejus
370 2178 480 2214 haud
512 2179 810 2231 obtemperatum
843 2191 986 2233 esset;“
1018 2191 1085 2227 sed
1115 2193 1232 2241 hujus
1257 2197 1355 2244 loci,
1391 2211 1482 2238 cum

117 2232 263 2284 integer
286 2247 368 2271 non
391 2236 452 2282 sit,
477 2238 575 2295 ratio
600 2253 680 2277 non
699 2250 863 2293 constat.

212 2291 266 2340 b)
299 2293 469 2341 donec,
500 2297 533 2334 si
566 2305 623 2336 est
652 2299 678 2336 i.
701 2314 739 2351 q.
771 2305 1056 2353 usquedum,
1091 2321 1114 2345 a
1138 2319 1270 2350 nostro
1306 2317 1480 2356 oratione

115 2357 218 2387 recta
250 2358 335 2388 tum
366 2353 482 2391 etiam
515 2358 743 2409 plerumque
774 2362 1021 2409 conjunctivo
1051 2367 1243 2419 jungitur,
1279 2385 1368 2412 cum
1399 2390 1481 2414 non

116 2409 350 2457 exprimitur
387 2411 494 2458 finis,
533 2427 650 2463 quem
684 2419 771 2468 quis
812 2423 996 2471 sequitur.
1045 2428 1191 2465 Eodem
1227 2432 1345 2469 modo
1379 2436 1478 2473 Plin.

115 2468 238 2514 major
257 2470 381 2507 “utitur
404 2472 476 2508 hac
500 2474 706 2522 particula3
731 2478 853 2516 rarius
888 2482 969 2527 alii,
1004 2490 1047 2520 ut
1071 2486 1228 2532 Liv.45‚
1247 2492 1268 2530 7
1293 2495 1477 2541 progredi

113 2538 211 2574 prae
233 2528 347 2565 turba
372 2536 648 2570 occurrentium
676 2536 732 2572 ad
761 2542 1022 2585 spectaculum
1054 2557 1131 2581 non
1160 2554 1319 2595 poterat,
1353 2552 1476 2590 donec

115 2587 248 2622 consul
270 2588 414 2625 lictores
446 2592 630 2639 misisset,
666 2597 730 2642 qui
761 2596 1019 2636 submovendo
1051 2603 1122 2639 iter
1151 2606 1208 2642 ad
1240 2614 1475 2655 praetorium

107 2643 296 2699 facerent.
345 2647 394 2683 V.
412 2651 529 2686 Drak.
556 2651 604 2688 ad
637 2652 726 2690 Liv.
743 2660 775 2698 1,
791 2658 824 2700 7,
843 2655 900 2695 14.
952 2659 1007 2696 Cf.
1033 2662 1228 2702 Dronkius
1253 2666 1296 2702 in
1321 2669 1472 2715 ephem.
1492 2673 1494 2676 '

111 2704 244 2741 Jenen.
267 2708 360 2743 1825
392 2717 431 2754 p.
451 2709 521 2750 267
555 2716 594 2746 et
623 2711 674 2747 ad
703 2711 804 2748 Dial.
840 2727 879 2762 p.
897 2714 971 2765 943-
1002 2720 1119 2757 Hessj
1150 2723 1200 2758 ad
1235 2726 1361 2763 Germ.
1383 2734 1400 2766 1
1434 2736 1472 2766 et
