<?xml version="1.0" encoding="UTF-8"?>
<!DOCTYPE html PUBLIC "-//W3C//DTD XHTML 1.0 Transitional//EN"
    "http://www.w3.org/TR/xhtml1/DTD/xhtml1-transitional.dtd">
<html xmlns="http://www.w3.org/1999/xhtml" xml:lang="en" lang="en">
 <head>
  <title>
</title>
<meta http-equiv="Content-Type" content="text/html;charset=utf-8" />
  <meta name='ocr-system' content='tesseract 3.04.00' />
  <meta name='ocr-capabilities' content='ocr_page ocr_carea ocr_par ocr_line ocrx_word'/>
</head>
<body>
  <div class='ocr_page' id='page_1' title='image "./lexicontaciteums00boetuoft/lexicontaciteums00boetuoft_0602.png"; bbox 0 0 1702 2982; ppageno 0'>
   <div class='ocr_carea' id='block_1_1' title="bbox 309 153 1326 241">
    <p class='ocr_par' dir='ltr' id='par_1_1' title="bbox 309 153 1326 241">
     <span class='ocr_line' id='line_1_1' title="bbox 309 153 1326 241; baseline 0.008 -8"><span class='ocrx_word' id='word_1_1' title='bbox 309 189 395 233; x_wconf 87' lang='lat'><strong><em>480</em></strong></span> <span class='ocrx_word' id='word_1_2' title='bbox 495 153 499 157; x_wconf 45' lang='lat'><em>*</em></span> <span class='ocrx_word' id='word_1_3' title='bbox 667 187 936 238; x_wconf 82' lang='lat' dir='ltr'><strong><em>valescere</em></strong></span> <span class='ocrx_word' id='word_1_4' title='bbox 966 219 1024 229; x_wconf 91' lang='lat'><em>-</em></span> <span class='ocrx_word' id='word_1_5' title='bbox 1054 189 1274 241; x_wconf 83' lang='lat' dir='ltr'><strong><em>Valetudo</em></strong></span> <span class='ocrx_word' id='word_1_6' title='bbox 1318 167 1326 179; x_wconf 44' lang='grc'><strong><em>’</em></strong></span> 
     </span>
    </p>
   </div>
   <div class='ocr_carea' id='block_1_2' title="bbox 275 302 1686 2698">
    <p class='ocr_par' dir='ltr' id='par_1_2' title="bbox 275 302 1668 653">
     <span class='ocr_line' id='line_1_2' title="bbox 307 302 1664 369; baseline 0.007 -27"><span class='ocrx_word' id='word_1_7' title='bbox 307 302 476 350; x_wconf 74' lang='lat' dir='ltr'><strong><em>(vacant)</em></strong></span> <span class='ocrx_word' id='word_1_8' title='bbox 507 302 664 339; x_wconf 84' lang='lat' dir='ltr'><strong><em>contulit</em></strong></span> <span class='ocrx_word' id='word_1_9' title='bbox 698 305 740 339; x_wconf 84' lang='lat' dir='ltr'><strong><em>in</em></strong></span> <span class='ocrx_word' id='word_1_10' title='bbox 777 305 884 341; x_wconf 79' lang='lat' dir='ltr'><strong><em>alios.</em></strong></span> <span class='ocrx_word' id='word_1_11' title='bbox 915 326 964 334; x_wconf 93' lang='grc'>-</span> <span class='ocrx_word' id='word_1_12' title='bbox 1013 309 1114 344; x_wconf 78' lang='lat' dir='ltr'><strong><em>Anu</em></strong></span> <span class='ocrx_word' id='word_1_13' title='bbox 1127 313 1162 353; x_wconf 89' lang='lat'><strong><em>2,</em></strong></span> <span class='ocrx_word' id='word_1_14' title='bbox 1176 306 1225 347; x_wconf 83' lang='grc'>46</span> <span class='ocrx_word' id='word_1_15' title='bbox 1263 311 1445 358; x_wconf 82' lang='lat' dir='ltr'><strong><em>quoniam</em></strong></span> <span class='ocrx_word' id='word_1_16' title='bbox 1476 318 1562 369; x_wconf 46' lang='lat' dir='ltr'><strong><em>ma·</em></strong></span> <span class='ocrx_word' id='word_1_17' title='bbox 1582 322 1664 354; x_wconf 63' lang='lat' dir='ltr'><strong><em>vm»</em></strong></span> 
     </span>
     <span class='ocr_line' id='line_1_3' title="bbox 308 361 1677 418; baseline 0.013 -23"><span class='ocrx_word' id='word_1_18' title='bbox 308 373 403 397; x_wconf 83' lang='lat' dir='ltr'><strong><em>cuas</em></strong></span> <span class='ocrx_word' id='word_1_19' title='bbox 435 362 478 408; x_wconf 87' lang='lat' dir='ltr'><strong><em>(a</em></strong></span> <span class='ocrx_word' id='word_1_20' title='bbox 508 367 626 405; x_wconf 85' lang='lat' dir='ltr'><strong><em>metu,</em></strong></span> <span class='ocrx_word' id='word_1_21' title='bbox 658 361 809 408; x_wconf 89' lang='lat' dir='ltr'><strong><em>otiosas,</em></strong></span> <span class='ocrx_word' id='word_1_22' title='bbox 845 363 1033 412; x_wconf 78' lang='lat' dir='ltr'><strong><em>incautas)</em></strong></span> <span class='ocrx_word' id='word_1_23' title='bbox 1067 366 1253 414; x_wconf 82' lang='lat' dir='ltr'><strong><em>legiones·</em></strong></span> <span class='ocrx_word' id='word_1_24' title='bbox 1265 376 1301 405; x_wconf 87' lang='lat' dir='ltr'><strong><em>et</em></strong></span> <span class='ocrx_word' id='word_1_25' title='bbox 1332 372 1467 409; x_wconf 83' lang='lat' dir='ltr'><strong><em>ducem</em></strong></span> <span class='ocrx_word' id='word_1_26' title='bbox 1487 370 1677 418; x_wconf 55' lang='lat' dir='ltr'><strong><em>fraud&amp;</em></strong></span> 
     </span>
     <span class='ocr_line' id='line_1_4' title="bbox 306 418 1662 476; baseline 0.013 -23"><span class='ocrx_word' id='word_1_27' title='bbox 306 421 487 467; x_wconf 83' lang='lat' dir='ltr'><strong><em>ignarum</em></strong></span> <span class='ocrx_word' id='word_1_28' title='bbox 511 418 678 467; x_wconf 78' lang='lat' dir='ltr'><strong><em>perfidia</em></strong></span> <span class='ocrx_word' id='word_1_29' title='bbox 702 421 906 468; x_wconf 73' lang='lat' dir='ltr'><strong><em>deceperit5</em></strong></span> <span class='ocrx_word' id='word_1_30' title='bbox 929 423 1009 470; x_wconf 72' lang='lat' dir='ltr'><strong><em>(cp›</em></strong></span> <span class='ocrx_word' id='word_1_31' title='bbox 1024 422 1072 462; x_wconf 85' lang='grc'><strong><em>44</em></strong></span> <span class='ocrx_word' id='word_1_32' title='bbox 1095 429 1210 462; x_wconf 86' lang='lat' dir='ltr'><strong><em>vacui</em></strong></span> <span class='ocrx_word' id='word_1_33' title='bbox 1234 435 1382 465; x_wconf 75' lang='lat' dir='ltr'><strong><em>externo</em></strong></span> <span class='ocrx_word' id='word_1_34' title='bbox 1406 439 1531 475; x_wconf 71' lang='lat' dir='ltr'><strong><em>metu3</em></strong></span> <span class='ocrx_word' id='word_1_35' title='bbox 1555 430 1662 476; x_wconf 68' lang='lat' dir='ltr'><strong><em>Hist-</em></strong></span> 
     </span>
     <span class='ocr_line' id='line_1_5' title="bbox 310 479 1668 535; baseline 0.009 -21"><span class='ocrx_word' id='word_1_36' title='bbox 310 484 343 523; x_wconf 89' lang='lat'><strong><em>1,</em></strong></span> <span class='ocrx_word' id='word_1_37' title='bbox 364 479 409 516; x_wconf 81' lang='lat'><strong><em>86</em></strong></span> <span class='ocrx_word' id='word_1_38' title='bbox 433 491 578 514; x_wconf 82' lang='lat' dir='ltr'><strong><em>vacuus</em></strong></span> <span class='ocrx_word' id='word_1_39' title='bbox 602 493 626 514; x_wconf 84' lang='lat' dir='ltr'><strong><em>a</em></strong></span> <span class='ocrx_word' id='word_1_40' title='bbox 648 482 813 526; x_wconf 85' lang='lat' dir='ltr'><strong><em>periculo</em></strong></span> <span class='ocrx_word' id='word_1_41' title='bbox 840 482 1035 526; x_wconf 78' lang='lat' dir='ltr'><strong><em>animus)</em></strong></span> <span class='ocrx_word' id='word_1_42' title='bbox 1067 482 1215 529; x_wconf 62' lang='lat' dir='ltr'><strong><em>Hisnli,</em></strong></span> <span class='ocrx_word' id='word_1_43' title='bbox 1233 488 1277 529; x_wconf 82' lang='grc'><strong>17</strong></span> <span class='ocrx_word' id='word_1_44' title='bbox 1303 487 1518 535; x_wconf 83' lang='lat' dir='ltr'><strong><em>adriperent</em></strong></span> <span class='ocrx_word' id='word_1_45' title='bbox 1539 490 1668 526; x_wconf 44' lang='lat' dir='ltr'><strong><em>vacui*</em></strong></span> 
     </span>
     <span class='ocr_line' id='line_1_6' title="bbox 275 538 1657 598; baseline 0.008 -25"><span class='ocrx_word' id='word_1_46' title='bbox 275 553 276 556; x_wconf 46' lang='lat'>¹</span> <span class='ocrx_word' id='word_1_47' title='bbox 310 544 528 584; x_wconf 84' lang='lat' dir='ltr'><strong><em>occupatos,</em></strong></span> <span class='ocrx_word' id='word_1_48' title='bbox 561 540 698 586; x_wconf 77' lang='lat' dir='ltr'><strong><em>integri</em></strong></span> <span class='ocrx_word' id='word_1_49' title='bbox 717 538 871 584; x_wconf 90' lang='lat' dir='ltr'><strong><em>fessos·</em></strong></span> <span class='ocrx_word' id='word_1_50' title='bbox 902 541 1031 586; x_wconf 81' lang='lat' dir='ltr'><strong><em>Agrio.</em></strong></span> <span class='ocrx_word' id='word_1_51' title='bbox 1043 544 1090 582; x_wconf 79' lang='lat'><strong><em>37</em></strong></span> <span class='ocrx_word' id='word_1_52' title='bbox 1122 555 1274 598; x_wconf 77' lang='lat' dir='ltr'><strong><em>pugnae</em></strong></span> <span class='ocrx_word' id='word_1_53' title='bbox 1304 554 1475 594; x_wconf 65' lang='lat' dir='ltr'><strong><em>experta</em></strong></span> <span class='ocrx_word' id='word_1_54' title='bbox 1502 558 1657 584; x_wconf 76' lang='lat' dir='ltr'><strong><em>summa</em></strong></span> 
     </span>
     <span class='ocr_line' id='line_1_7' title="bbox 307 597 1658 657; baseline 0.01 -27"><span class='ocrx_word' id='word_1_55' title='bbox 307 597 459 631; x_wconf 89' lang='lat' dir='ltr'><strong><em>collium</em></strong></span> <span class='ocrx_word' id='word_1_56' title='bbox 483 597 700 633; x_wconf 80' lang='lat' dir='ltr'><strong><em>insederant</em></strong></span> <span class='ocrx_word' id='word_1_57' title='bbox 724 605 761 632; x_wconf 87' lang='lat' dir='ltr'><strong><em>et</em></strong></span> <span class='ocrx_word' id='word_1_58' title='bbox 783 600 1015 644; x_wconf 80' lang='lat' dir='ltr'><strong><em>paucitatem</em></strong></span> <span class='ocrx_word' id='word_1_59' title='bbox 1041 607 1252 637; x_wconf 84' lang='lat' dir='ltr'><strong><em>nostrorum</em></strong></span> <span class='ocrx_word' id='word_1_60' title='bbox 1273 607 1387 640; x_wconf 83' lang='lat' dir='ltr'><strong><em>vacui</em></strong></span> <span class='ocrx_word' id='word_1_61' title='bbox 1407 605 1658 657; x_wconf 67' lang='lat' dir='ltr'><strong><em>spernebant,</em></strong></span> 
     </span>
    </p>

    <p class='ocr_par' dir='ltr' id='par_1_3' title="bbox 296 653 1686 1351">
     <span class='ocr_line' id='line_1_8' title="bbox 306 653 1656 708; baseline 0.01 -20"><span class='ocrx_word' id='word_1_62' title='bbox 306 653 397 690; x_wconf 85' lang='lat' dir='ltr'><strong><em>inde</em></strong></span> <span class='ocrx_word' id='word_1_63' title='bbox 421 654 605 702; x_wconf 80' lang='lat' dir='ltr'><strong><em>exprimit</em></strong></span> <span class='ocrx_word' id='word_1_64' title='bbox 628 653 788 690; x_wconf 79' lang='lat' dir='ltr'>liberam</span> <span class='ocrx_word' id='word_1_65' title='bbox 814 655 976 702; x_wconf 82' lang='lat' dir='ltr'><strong><em>alicujus</em></strong></span> <span class='ocrx_word' id='word_1_66' title='bbox 1000 657 1057 693; x_wconf 86' lang='lat' dir='ltr'><strong><em>rei</em></strong></span> <span class='ocrx_word' id='word_1_67' title='bbox 1082 664 1347 705; x_wconf 78' lang='lat' dir='ltr'><strong><em>potestatemx</em></strong></span> <span class='ocrx_word' id='word_1_68' title='bbox 1357 661 1462 699; x_wconf 80' lang='lat' dir='ltr'><strong><em>Hist..</em></strong></span> <span class='ocrx_word' id='word_1_69' title='bbox 1466 668 1561 708; x_wconf 52' lang='lat'><strong><em>2538</em></strong></span> <span class='ocrx_word' id='word_1_70' title='bbox 1582 677 1656 707; x_wconf 76' lang='lat' dir='ltr'><strong><em>,ae-</em></strong></span> 
     </span>
     <span class='ocr_line' id='line_1_9' title="bbox 306 710 1658 773; baseline 0.009 -26"><span class='ocrx_word' id='word_1_71' title='bbox 306 710 420 748; x_wconf 81' lang='lat' dir='ltr'><strong><em>mulis</em></strong></span> <span class='ocrx_word' id='word_1_72' title='bbox 452 713 608 747; x_wconf 80' lang='lat' dir='ltr'><strong><em>urbibus</em></strong></span> <span class='ocrx_word' id='word_1_73' title='bbox 637 732 686 739; x_wconf 90' lang='lat'><strong><em>—-</em></strong></span> <span class='ocrx_word' id='word_1_74' title='bbox 720 715 854 749; x_wconf 78' lang='lat' dir='ltr'><strong><em>excisis</em></strong></span> <span class='ocrx_word' id='word_1_75' title='bbox 885 726 1041 751; x_wconf 82' lang='lat' dir='ltr'><strong><em>securas</em></strong></span> <span class='ocrx_word' id='word_1_76' title='bbox 1076 729 1162 763; x_wconf 83' lang='lat' dir='ltr'><strong><em>opes</em></strong></span> <span class='ocrx_word' id='word_1_77' title='bbox 1195 721 1462 773; x_wconf 70' lang='lat' dir='ltr'><strong><em>concupiscere</em></strong></span> <span class='ocrx_word' id='word_1_78' title='bbox 1489 733 1658 761; x_wconf 70' lang='lat' dir='ltr'><strong><em>vacuum</em></strong></span> 
     </span>
     <span class='ocr_line' id='line_1_10' title="bbox 296 768 1658 829; baseline 0.008 -23"><span class='ocrx_word' id='word_1_79' title='bbox 296 771 400 817; x_wconf 54' lang='lat' dir='ltr'><strong><em>filiu</em></strong></span> <span class='ocrx_word' id='word_1_80' title='bbox 443 772 546 807; x_wconf 88' lang='lat' dir='ltr'><strong><em>Ann.</em></strong></span> <span class='ocrx_word' id='word_1_81' title='bbox 561 768 618 811; x_wconf 83' lang='grc'><strong><em>14,</em></strong></span> <span class='ocrx_word' id='word_1_82' title='bbox 631 776 678 809; x_wconf 90' lang='grc'><strong>28</strong></span> <span class='ocrx_word' id='word_1_83' title='bbox 713 779 826 807; x_wconf 87' lang='lat' dir='ltr'><strong><em>antea</em></strong></span> <span class='ocrx_word' id='word_1_84' title='bbox 862 785 1029 810; x_wconf 87' lang='lat' dir='ltr'><strong><em>vacuum</em></strong></span> <span class='ocrx_word' id='word_1_85' title='bbox 1064 776 1107 811; x_wconf 88' lang='lat' dir='ltr'><strong><em>id</em></strong></span> <span class='ocrx_word' id='word_1_86' title='bbox 1135 777 1372 825; x_wconf 76' lang='lat' dir='ltr'><strong><em>solutumque</em></strong></span> <span class='ocrx_word' id='word_1_87' title='bbox 1402 779 1532 828; x_wconf 65' lang='grc' dir='ltr'><strong><em>ροειιᾷ</em></strong></span> <span class='ocrx_word' id='word_1_88' title='bbox 1551 776 1658 829; x_wconf 75' lang='lat' dir='ltr'><strong><em>fite-</em></strong></span> 
     </span>
     <span class='ocr_line' id='line_1_11' title="bbox 304 831 1657 885; baseline 0.009 -20"><span class='ocrx_word' id='word_1_89' title='bbox 304 837 380 865; x_wconf 82' lang='lat' dir='ltr'><strong><em>rat.</em></strong></span> <span class='ocrx_word' id='word_1_90' title='bbox 406 848 453 857; x_wconf 91' lang='lat'><strong><em>—-</em></strong></span> <span class='ocrx_word' id='word_1_91' title='bbox 499 831 604 865; x_wconf 82' lang='lat' dir='ltr'><strong><em>Anu.</em></strong></span> <span class='ocrx_word' id='word_1_92' title='bbox 618 836 652 874; x_wconf 89' lang='lat'><strong><em>3,</em></strong></span> <span class='ocrx_word' id='word_1_93' title='bbox 666 835 711 868; x_wconf 76' lang='lat'><strong><em>28</em></strong></span> <span class='ocrx_word' id='word_1_94' title='bbox 736 838 777 867; x_wconf 86' lang='lat' dir='ltr'><strong><em>ut</em></strong></span> <span class='ocrx_word' id='word_1_95' title='bbox 800 852 848 859; x_wconf 93' lang='lat'>—</span> <span class='ocrx_word' id='word_1_96' title='bbox 871 834 974 868; x_wconf 86' lang='lat' dir='ltr'><strong><em>velut</em></strong></span> <span class='ocrx_word' id='word_1_97' title='bbox 1004 846 1145 881; x_wconf 83' lang='lat' dir='ltr'><strong><em>parens</em></strong></span> <span class='ocrx_word' id='word_1_98' title='bbox 1180 838 1349 872; x_wconf 87' lang='lat' dir='ltr'><strong><em>omnium</em></strong></span> <span class='ocrx_word' id='word_1_99' title='bbox 1377 839 1544 885; x_wconf 75' lang='lat' dir='ltr'><strong><em>populus</em></strong></span> <span class='ocrx_word' id='word_1_100' title='bbox 1569 847 1657 879; x_wconf 74' lang='lat' dir='ltr'><strong><em>va-</em></strong></span> 
     </span>
     <span class='ocr_line' id='line_1_12' title="bbox 304 887 1656 943; baseline 0.008 -19"><span class='ocrx_word' id='word_1_101' title='bbox 304 887 467 924; x_wconf 83' lang='lat' dir='ltr'><strong><em>cantia</em></strong></span> <span class='ocrx_word' id='word_1_102' title='bbox 490 895 628 924; x_wconf 81' lang='lat' dir='ltr'><strong><em>teneret</em></strong></span> <span class='ocrx_word' id='word_1_103' title='bbox 652 888 677 924; x_wconf 90' lang='lat' dir='ltr'><strong><em>i.</em></strong></span> <span class='ocrx_word' id='word_1_104' title='bbox 691 901 723 924; x_wconf 93' lang='lat' dir='ltr'><strong><em>e.</em></strong></span> <span class='ocrx_word' id='word_1_105' title='bbox 739 902 837 938; x_wconf 88' lang='lat' dir='ltr'><strong><em>quae</em></strong></span> <span class='ocrx_word' id='word_1_106' title='bbox 862 890 945 927; x_wconf 89' lang='lat' dir='ltr'><strong><em>sine</em></strong></span> <span class='ocrx_word' id='word_1_107' title='bbox 971 892 1130 928; x_wconf 82' lang='lat' dir='ltr'><strong><em>domino</em></strong></span> <span class='ocrx_word' id='word_1_108' title='bbox 1155 899 1192 929; x_wconf 85' lang='lat' dir='ltr'><strong><em>et</em></strong></span> <span class='ocrx_word' id='word_1_109' title='bbox 1218 894 1358 932; x_wconf 76' lang='lat' dir='ltr'><strong><em>herede</em></strong></span> <span class='ocrx_word' id='word_1_110' title='bbox 1381 902 1528 943; x_wconf 81' lang='lat' dir='ltr'><strong><em>essont3</em></strong></span> <span class='ocrx_word' id='word_1_111' title='bbox 1553 896 1656 936; x_wconf 70' lang='lat' dir='ltr'><strong><em>Hist.</em></strong></span> 
     </span>
     <span class='ocr_line' id='line_1_13' title="bbox 304 947 1655 1007; baseline 0.005 -23"><span class='ocrx_word' id='word_1_112' title='bbox 304 952 339 993; x_wconf 89' lang='lat'><strong><em>3,</em></strong></span> <span class='ocrx_word' id='word_1_113' title='bbox 361 951 413 984; x_wconf 89' lang='lat'><strong><em>11</em></strong></span> <span class='ocrx_word' id='word_1_114' title='bbox 440 950 661 984; x_wconf 84' lang='lat' dir='ltr'><strong><em>vacantium</em></strong></span> <span class='ocrx_word' id='word_1_115' title='bbox 689 947 797 995; x_wconf 86' lang='lat' dir='ltr'><strong><em>forte</em></strong></span> <span class='ocrx_word' id='word_1_116' title='bbox 837 949 1060 986; x_wconf 79' lang='lat' dir='ltr'><strong><em>balnearum</em></strong></span> <span class='ocrx_word' id='word_1_117' title='bbox 1085 950 1322 997; x_wconf 70' lang='lat' dir='ltr'><strong><em>fornacibus</em></strong></span> <span class='ocrx_word' id='word_1_118' title='bbox 1357 953 1511 991; x_wconf 80' lang='lat' dir='ltr'><strong><em>abditus</em></strong></span> <span class='ocrx_word' id='word_1_119' title='bbox 1541 956 1655 1007; x_wconf 87' lang='lat' dir='ltr'><strong><em>(cum</em></strong></span> 
     </span>
     <span class='ocr_line' id='line_1_14' title="bbox 304 1005 1656 1062; baseline 0.008 -23"><span class='ocrx_word' id='word_1_120' title='bbox 304 1005 506 1041; x_wconf 77' lang='lat' dir='ltr'><strong><em>calefactae</em></strong></span> <span class='ocrx_word' id='word_1_121' title='bbox 530 1018 611 1041; x_wconf 86' lang='lat' dir='ltr'><strong><em>non</em></strong></span> <span class='ocrx_word' id='word_1_122' title='bbox 637 1007 794 1053; x_wconf 87' lang='lat' dir='ltr'><strong><em>essent).</em></strong></span> <span class='ocrx_word' id='word_1_123' title='bbox 844 1007 902 1045; x_wconf 83' lang='lat' dir='ltr'><strong><em>Cf.</em></strong></span> <span class='ocrx_word' id='word_1_124' title='bbox 931 1008 1009 1046; x_wconf 88' lang='lat' dir='ltr'><strong><em>Cic.</em></strong></span> <span class='ocrx_word' id='word_1_125' title='bbox 1036 1010 1140 1045; x_wconf 83' lang='lat' dir='ltr'><strong><em>Fam.</em></strong></span> <span class='ocrx_word' id='word_1_126' title='bbox 1157 1015 1228 1054; x_wconf 84' lang='lat'><strong><em>8,3</em></strong></span> <span class='ocrx_word' id='word_1_127' title='bbox 1259 1010 1330 1048; x_wconf 86' lang='lat' dir='ltr'><strong><em>ubi</em></strong></span> <span class='ocrx_word' id='word_1_128' title='bbox 1365 1024 1514 1053; x_wconf 69' lang='lat' dir='ltr'><strong><em>vacans</em></strong></span> <span class='ocrx_word' id='word_1_129' title='bbox 1547 1013 1656 1062; x_wconf 70' lang='lat' dir='ltr'><strong><em>posi-</em></strong></span> 
     </span>
     <span class='ocr_line' id='line_1_15' title="bbox 303 1068 1656 1115; baseline 0.009 -17"><span class='ocrx_word' id='word_1_130' title='bbox 303 1069 387 1099; x_wconf 85' lang='lat' dir='ltr'><strong><em>tum</em></strong></span> <span class='ocrx_word' id='word_1_131' title='bbox 424 1070 480 1099; x_wconf 88' lang='lat' dir='ltr'><strong><em>est</em></strong></span> <span class='ocrx_word' id='word_1_132' title='bbox 514 1076 585 1111; x_wconf 87' lang='lat' dir='ltr'><strong><em>pro</em></strong></span> <span class='ocrx_word' id='word_1_133' title='bbox 617 1068 928 1112; x_wconf 76' lang='lat' dir='ltr'><strong><em>otiosus511,10</em></strong></span> <span class='ocrx_word' id='word_1_134' title='bbox 960 1074 1144 1114; x_wconf 86' lang='lat' dir='ltr'><strong><em>quantam</em></strong></span> <span class='ocrx_word' id='word_1_135' title='bbox 1171 1069 1498 1115; x_wconf 80' lang='lat' dir='ltr'><strong><em>perturbationem</em></strong></span> <span class='ocrx_word' id='word_1_136' title='bbox 1527 1083 1656 1110; x_wconf 80' lang='lat' dir='ltr'><strong><em>rerum</em></strong></span> 
     </span>
     <span class='ocr_line' id='line_1_16' title="bbox 303 1121 1686 1178; baseline 0.008 -21"><span class='ocrx_word' id='word_1_137' title='bbox 303 1122 544 1159; x_wconf 81' lang='lat' dir='ltr'><strong><em>urbanarum</em></strong></span> <span class='ocrx_word' id='word_1_138' title='bbox 571 1121 670 1168; x_wconf 80' lang='lat' dir='ltr'><strong><em>affer</em></strong></span> <span class='ocrx_word' id='word_1_139' title='bbox 671 1130 711 1159; x_wconf 89' lang='lat' dir='ltr'><strong><em>at</em></strong></span> <span class='ocrx_word' id='word_1_140' title='bbox 736 1124 858 1161; x_wconf 85' lang='lat' dir='ltr'><strong><em>obitus</em></strong></span> <span class='ocrx_word' id='word_1_141' title='bbox 882 1127 1090 1172; x_wconf 82' lang='lat' dir='ltr'><strong><em>consulum,</em></strong></span> <span class='ocrx_word' id='word_1_142' title='bbox 1126 1135 1383 1176; x_wconf 78' lang='lat' dir='ltr'><strong><em>quantamque</em></strong></span> <span class='ocrx_word' id='word_1_143' title='bbox 1407 1131 1654 1178; x_wconf 65' lang='lat' dir='ltr'><strong><em>cupiditatem</em></strong></span> <span class='ocrx_word' id='word_1_144' title='bbox 1684 1150 1686 1152; x_wconf 33' lang='lat' dir='ltr'><strong><em>v</em></strong></span> 
     </span>
     <span class='ocr_line' id='line_1_17' title="bbox 301 1180 1654 1233; baseline 0.008 -18"><span class='ocrx_word' id='word_1_145' title='bbox 301 1180 515 1217; x_wconf 78' lang='lat' dir='ltr'><strong><em>hominibus</em></strong></span> <span class='ocrx_word' id='word_1_146' title='bbox 538 1183 687 1226; x_wconf 64' lang='lat' dir='ltr'><strong><em>injiciat</em></strong></span> <span class='ocrx_word' id='word_1_147' title='bbox 708 1186 895 1231; x_wconf 82' lang='lat' dir='ltr'><strong><em>vacuitas,</em></strong></span> <span class='ocrx_word' id='word_1_148' title='bbox 921 1198 997 1221; x_wconf 84' lang='lat' dir='ltr'><strong><em>non</em></strong></span> <span class='ocrx_word' id='word_1_149' title='bbox 1020 1193 1055 1220; x_wconf 89' lang='lat' dir='ltr'><strong><em>te</em></strong></span> <span class='ocrx_word' id='word_1_150' title='bbox 1068 1185 1202 1233; x_wconf 75' lang='lat' dir='ltr'><strong><em>fugit5</em></strong></span> <span class='ocrx_word' id='word_1_151' title='bbox 1225 1187 1314 1221; x_wconf 79' lang='lat' dir='ltr'><strong>Sall.</strong></span> <span class='ocrx_word' id='word_1_152' title='bbox 1342 1187 1422 1224; x_wconf 87' lang='lat' dir='ltr'><strong><em>cat.</em></strong></span> <span class='ocrx_word' id='word_1_153' title='bbox 1436 1193 1484 1227; x_wconf 82' lang='lat'><strong><em>52</em></strong></span> <span class='ocrx_word' id='word_1_154' title='bbox 1509 1194 1552 1225; x_wconf 86' lang='lat' dir='ltr'><strong><em>ut</em></strong></span> <span class='ocrx_word' id='word_1_155' title='bbox 1575 1191 1654 1226; x_wconf 85' lang='lat' dir='ltr'><strong><em>im·-</em></strong></span> 
     </span>
     <span class='ocr_line' id='line_1_18' title="bbox 299 1239 1654 1295; baseline 0.009 -21"><span class='ocrx_word' id='word_1_156' title='bbox 299 1247 409 1287; x_wconf 83' lang='lat' dir='ltr'><strong><em>petus</em></strong></span> <span class='ocrx_word' id='word_1_157' title='bbox 439 1239 516 1282; x_wconf 79' lang='lat' dir='ltr'><strong><em>fiat</em></strong></span> <span class='ocrx_word' id='word_1_158' title='bbox 545 1242 586 1276; x_wconf 90' lang='lat' dir='ltr'><strong><em>in</em></strong></span> <span class='ocrx_word' id='word_1_159' title='bbox 616 1253 783 1278; x_wconf 85' lang='lat' dir='ltr'><strong><em>vacuam</em></strong></span> <span class='ocrx_word' id='word_1_160' title='bbox 819 1246 858 1288; x_wconf 85' lang='lat' dir='ltr'><strong><em>(a</em></strong></span> <span class='ocrx_word' id='word_1_161' title='bbox 890 1242 1173 1290; x_wconf 79' lang='lat' dir='ltr'><strong><em>defensoribus)</em></strong></span> <span class='ocrx_word' id='word_1_162' title='bbox 1204 1243 1499 1292; x_wconf 80' lang='lat' dir='ltr'><strong><em>rempublicam,·</em></strong></span> <span class='ocrx_word' id='word_1_163' title='bbox 1529 1258 1590 1295; x_wconf 86' lang='lat' dir='ltr'><strong><em>cp</em></strong></span> <span class='ocrx_word' id='word_1_164' title='bbox 1607 1252 1654 1286; x_wconf 86' lang='lat'><strong><em>15</em></strong></span> 
     </span>
     <span class='ocr_line' id='line_1_19' title="bbox 301 1297 1650 1351; baseline 0.007 -18"><span class='ocrx_word' id='word_1_165' title='bbox 301 1309 434 1334; x_wconf 78' lang='lat' dir='ltr'><strong><em>necato</em></strong></span> <span class='ocrx_word' id='word_1_166' title='bbox 450 1297 540 1342; x_wconf 82' lang='lat' dir='ltr'><strong><em>filio</em></strong></span> <span class='ocrx_word' id='word_1_167' title='bbox 565 1311 730 1338; x_wconf 84' lang='lat' dir='ltr'><strong><em>vacuam</em></strong></span> <span class='ocrx_word' id='word_1_168' title='bbox 758 1300 911 1336; x_wconf 81' lang='lat' dir='ltr'><strong><em>domum</em></strong></span> <span class='ocrx_word' id='word_1_169' title='bbox 939 1303 1113 1338; x_wconf 55' lang='lat' dir='ltr'><strong><em>scelestis</em></strong></span> <span class='ocrx_word' id='word_1_170' title='bbox 1126 1305 1265 1351; x_wconf 71' lang='lat' dir='ltr'><strong><em>nuptiis</em></strong></span> <span class='ocrx_word' id='word_1_171' title='bbox 1277 1303 1433 1350; x_wconf 77' lang='lat' dir='ltr'><strong><em>fecisse,</em></strong></span> <span class='ocrx_word' id='word_1_172' title='bbox 1455 1303 1526 1341; x_wconf 79' lang='lat' dir='ltr'><strong><em>ubi</em></strong></span> <span class='ocrx_word' id='word_1_173' title='bbox 1549 1305 1650 1343; x_wconf 86' lang='lat' dir='ltr'><strong><em>Cort.</em></strong></span> 
     </span>
    </p>

    <p class='ocr_par' dir='ltr' id='par_1_4' title="bbox 299 1354 1652 1466">
     <span class='ocr_line' id='line_1_20' title="bbox 301 1354 1652 1406; baseline 0.007 -15"><span class='ocrx_word' id='word_1_174' title='bbox 301 1358 412 1404; x_wconf 84' lang='lat' dir='ltr'><strong><em>plura</em></strong></span> <span class='ocrx_word' id='word_1_175' title='bbox 437 1357 575 1393; x_wconf 86' lang='lat' dir='ltr'><strong><em>adtulit</em></strong></span> <span class='ocrx_word' id='word_1_176' title='bbox 608 1370 629 1394; x_wconf 88' lang='lat' dir='ltr'><strong><em>e</em></strong></span> <span class='ocrx_word' id='word_1_177' title='bbox 653 1358 779 1403; x_wconf 86' lang='lat' dir='ltr'><strong><em>Livio,</em></strong></span> <span class='ocrx_word' id='word_1_178' title='bbox 811 1361 957 1406; x_wconf 88' lang='lat' dir='ltr'><strong><em>Horat,</em></strong></span> <span class='ocrx_word' id='word_1_179' title='bbox 992 1362 1063 1405; x_wconf 84' lang='lat' dir='ltr'><strong><em>al.3</em></strong></span> <span class='ocrx_word' id='word_1_180' title='bbox 1099 1359 1256 1405; x_wconf 80' lang='lat' dir='ltr'><strong><em>Liv.35,</em></strong></span> <span class='ocrx_word' id='word_1_181' title='bbox 1273 1366 1317 1399; x_wconf 83' lang='lat'><strong><em>12</em></strong></span> <span class='ocrx_word' id='word_1_182' title='bbox 1349 1354 1580 1406; x_wconf 70' lang='lat' dir='ltr'><strong><em>Antiochum</em></strong></span> <span class='ocrx_word' id='word_1_183' title='bbox 1609 1358 1652 1401; x_wconf 80' lang='lat' dir='ltr'><strong><em>in</em></strong></span> 
     </span>
     <span class='ocr_line' id='line_1_21' title="bbox 299 1415 1650 1466; baseline 0.007 -15"><span class='ocrx_word' id='word_1_184' title='bbox 299 1427 467 1451; x_wconf 85' lang='lat' dir='ltr'><strong><em>vacuam</em></strong></span> <span class='ocrx_word' id='word_1_185' title='bbox 510 1415 705 1463; x_wconf 84' lang='lat' dir='ltr'><strong><em>(Philippo</em></strong></span> <span class='ocrx_word' id='word_1_186' title='bbox 738 1417 908 1464; x_wconf 84' lang='lat' dir='ltr'><strong><em>devicto)</em></strong></span> <span class='ocrx_word' id='word_1_187' title='bbox 939 1420 1132 1466; x_wconf 83' lang='lat' dir='ltr'><strong><em>Europae</em></strong></span> <span class='ocrx_word' id='word_1_188' title='bbox 1137 1421 1408 1466; x_wconf 80' lang='lat' dir='ltr'><strong><em>possessionem</em></strong></span> <span class='ocrx_word' id='word_1_189' title='bbox 1441 1428 1650 1460; x_wconf 77' lang='lat' dir='ltr'><strong><em>venturum.</em></strong></span> 
     </span>
    </p>

    <p class='ocr_par' dir='ltr' id='par_1_5' title="bbox 300 1473 1668 1525">
     <span class='ocr_line' id='line_1_22' title="bbox 300 1473 1668 1525; baseline 0.006 -15"><span class='ocrx_word' id='word_1_190' title='bbox 300 1473 402 1510; x_wconf 90' lang='lat' dir='ltr'><strong><em>Vide</em></strong></span> <span class='ocrx_word' id='word_1_191' title='bbox 426 1473 539 1508; x_wconf 84' lang='lat' dir='ltr'><strong><em>etiam</em></strong></span> <span class='ocrx_word' id='word_1_192' title='bbox 565 1475 720 1511; x_wconf 46' lang='lat' dir='ltr'><strong><em>Walch</em></strong></span> <span class='ocrx_word' id='word_1_193' title='bbox 744 1476 793 1511; x_wconf 85' lang='lat' dir='ltr'><strong><em>ad</em></strong></span> <span class='ocrx_word' id='word_1_194' title='bbox 817 1477 947 1525; x_wconf 85' lang='lat' dir='ltr'><strong><em>Agric.</em></strong></span> <span class='ocrx_word' id='word_1_195' title='bbox 974 1487 1035 1524; x_wconf 78' lang='lat' dir='ltr'><strong><em>cp.</em></strong></span> <span class='ocrx_word' id='word_1_196' title='bbox 1045 1481 1092 1515; x_wconf 85' lang='lat'><strong><em>22</em></strong></span> <span class='ocrx_word' id='word_1_197' title='bbox 1117 1489 1156 1524; x_wconf 83' lang='lat' dir='ltr'><strong><em>p.</em></strong></span> <span class='ocrx_word' id='word_1_198' title='bbox 1168 1483 1240 1516; x_wconf 88' lang='grc'><strong><em>300</em></strong></span> <span class='ocrx_word' id='word_1_199' title='bbox 1263 1485 1303 1515; x_wconf 82' lang='lat' dir='ltr'><strong><em>et</em></strong></span> <span class='ocrx_word' id='word_1_200' title='bbox 1325 1481 1487 1516; x_wconf 82' lang='lat' dir='ltr'><strong><em>Forcell.</em></strong></span> <span class='ocrx_word' id='word_1_201' title='bbox 1637 1480 1644 1518; x_wconf 84' lang='lat'><em>(</em></span> <span class='ocrx_word' id='word_1_202' title='bbox 1666 1505 1668 1510; x_wconf 62' lang='lat'>=</span> 
     </span>
    </p>

    <p class='ocr_par' dir='ltr' id='par_1_6' title="bbox 393 1532 1654 1572">
     <span class='ocr_line' id='line_1_23' title="bbox 393 1532 1654 1572; baseline 0.007 -5"><span class='ocrx_word' id='word_1_203' title='bbox 393 1532 598 1568; x_wconf 88' lang='lat' dir='ltr'><strong>VALENS</strong></span> <span class='ocrx_word' id='word_1_204' title='bbox 619 1545 658 1569; x_wconf 81' lang='lat' dir='ltr'><strong><em>v.</em></strong></span> <span class='ocrx_word' id='word_1_205' title='bbox 685 1533 727 1569; x_wconf 83' lang='lat' dir='ltr'><strong><em>in</em></strong></span> <span class='ocrx_word' id='word_1_206' title='bbox 750 1535 966 1572; x_wconf 83' lang='lat' dir='ltr'><strong><em>validus.</em></strong></span> <span class='ocrx_word' id='word_1_207' title='bbox 1650 1558 1654 1563; x_wconf 90' lang='lat'><em>·</em></span> 
     </span>
    </p>

    <p class='ocr_par' dir='ltr' id='par_1_7' title="bbox 294 1592 1685 2047">
     <span class='ocr_line' id='line_1_24' title="bbox 395 1592 1651 1645; baseline 0.006 -18"><span class='ocrx_word' id='word_1_208' title='bbox 395 1592 683 1628; x_wconf 85' lang='lat' dir='ltr'><strong>VALESCERE</strong></span> <span class='ocrx_word' id='word_1_209' title='bbox 709 1593 814 1629; x_wconf 91' lang='lat' dir='ltr'><strong><em>Ann.</em></strong></span> <span class='ocrx_word' id='word_1_210' title='bbox 829 1598 863 1637; x_wconf 87' lang='lat'><strong><em>2,</em></strong></span> <span class='ocrx_word' id='word_1_211' title='bbox 879 1599 927 1636; x_wconf 86' lang='lat'><strong><em>39</em></strong></span> <span class='ocrx_word' id='word_1_212' title='bbox 951 1597 1091 1631; x_wconf 78' lang='lat' dir='ltr'><strong><em>veritas</em></strong></span> <span class='ocrx_word' id='word_1_213' title='bbox 1114 1596 1202 1632; x_wconf 82' lang='lat' dir='ltr'><strong><em>visu</em></strong></span> <span class='ocrx_word' id='word_1_214' title='bbox 1234 1601 1270 1631; x_wconf 89' lang='lat' dir='ltr'><strong><em>et</em></strong></span> <span class='ocrx_word' id='word_1_215' title='bbox 1293 1595 1416 1642; x_wconf 70' lang='lat' dir='ltr'><strong><em>mora,</em></strong></span> <span class='ocrx_word' id='word_1_216' title='bbox 1441 1596 1557 1644; x_wconf 82' lang='lat' dir='ltr'><strong><em>salsa</em></strong></span> <span class='ocrx_word' id='word_1_217' title='bbox 1579 1596 1651 1645; x_wconf 79' lang='lat' dir='ltr'><strong><em>se·-</em></strong></span> 
     </span>
     <span class='ocr_line' id='line_1_25' title="bbox 297 1651 1651 1698; baseline 0.005 -13"><span class='ocrx_word' id='word_1_218' title='bbox 297 1651 501 1686; x_wconf 82' lang='lat' dir='ltr'><strong><em>stinatione</em></strong></span> <span class='ocrx_word' id='word_1_219' title='bbox 524 1657 558 1685; x_wconf 85' lang='lat' dir='ltr'><strong><em>et</em></strong></span> <span class='ocrx_word' id='word_1_220' title='bbox 580 1652 734 1687; x_wconf 84' lang='lat' dir='ltr'><strong><em>incertis</em></strong></span> <span class='ocrx_word' id='word_1_221' title='bbox 757 1653 973 1697; x_wconf 85' lang='lat' dir='ltr'><strong><em>valescunt,</em></strong></span> <span class='ocrx_word' id='word_1_222' title='bbox 1005 1651 1041 1698; x_wconf 87' lang='grc'>4,</span> <span class='ocrx_word' id='word_1_223' title='bbox 1057 1655 1100 1691; x_wconf 91' lang='grc'><strong>61</strong></span> <span class='ocrx_word' id='word_1_224' title='bbox 1128 1661 1170 1691; x_wconf 88' lang='lat' dir='ltr'><strong><em>ut</em></strong></span> <span class='ocrx_word' id='word_1_225' title='bbox 1194 1655 1358 1691; x_wconf 85' lang='lat' dir='ltr'><strong><em>aliorum</em></strong></span> <span class='ocrx_word' id='word_1_226' title='bbox 1389 1655 1584 1692; x_wconf 77' lang='lat' dir='ltr'><strong><em>meditatio</em></strong></span> <span class='ocrx_word' id='word_1_227' title='bbox 1615 1661 1651 1692; x_wconf 73' lang='lat' dir='ltr'><strong><em>et</em></strong></span> 
     </span>
     <span class='ocr_line' id='line_1_26' title="bbox 297 1709 1651 1762; baseline 0.003 -16"><span class='ocrx_word' id='word_1_228' title='bbox 297 1709 408 1746; x_wconf 79' lang='lat' dir='ltr'><strong><em>labor</em></strong></span> <span class='ocrx_word' id='word_1_229' title='bbox 431 1710 472 1744; x_wconf 92' lang='lat' dir='ltr'><strong><em>in</em></strong></span> <span class='ocrx_word' id='word_1_230' title='bbox 497 1716 686 1756; x_wconf 82' lang='lat' dir='ltr'><strong><em>posterum</em></strong></span> <span class='ocrx_word' id='word_1_231' title='bbox 718 1711 886 1755; x_wconf 84' lang='lat' dir='ltr'><strong><em>valescit,</em></strong></span> <span class='ocrx_word' id='word_1_232' title='bbox 921 1713 979 1747; x_wconf 88' lang='lat' dir='ltr'><strong><em>sic</em></strong></span> <span class='ocrx_word' id='word_1_233' title='bbox 1001 1715 1152 1749; x_wconf 82' lang='lat' dir='ltr'><strong><em>Haterii</em></strong></span> <span class='ocrx_word' id='word_1_234' title='bbox 1176 1723 1359 1750; x_wconf 85' lang='lat' dir='ltr'><strong><em>canorum</em></strong></span> <span class='ocrx_word' id='word_1_235' title='bbox 1383 1713 1482 1751; x_wconf 66' lang='lat' dir='ltr'><strong><em>alud</em></strong></span> <span class='ocrx_word' id='word_1_236' title='bbox 1495 1721 1537 1750; x_wconf 63' lang='lat' dir='ltr'><strong><em>vet</em></strong></span> <span class='ocrx_word' id='word_1_237' title='bbox 1555 1726 1651 1762; x_wconf 81' lang='lat' dir='ltr'><strong><em>pro-</em></strong></span> 
     </span>
     <span class='ocr_line' id='line_1_27' title="bbox 295 1767 1654 1821; baseline 0.006 -20"><span class='ocrx_word' id='word_1_238' title='bbox 295 1767 421 1811; x_wconf 80' lang='lat' dir='ltr'><strong><em>fluens</em></strong></span> <span class='ocrx_word' id='word_1_239' title='bbox 451 1779 542 1803; x_wconf 85' lang='lat' dir='ltr'><strong><em>cum</em></strong></span> <span class='ocrx_word' id='word_1_240' title='bbox 568 1770 648 1815; x_wconf 84' lang='lat' dir='ltr'><strong><em>ipso</em></strong></span> <span class='ocrx_word' id='word_1_241' title='bbox 682 1769 798 1804; x_wconf 87' lang='lat' dir='ltr'><strong><em>simul</em></strong></span> <span class='ocrx_word' id='word_1_242' title='bbox 822 1772 1045 1806; x_wconf 80' lang='lat' dir='ltr'><strong><em>exstinctum</em></strong></span> <span class='ocrx_word' id='word_1_243' title='bbox 1077 1779 1154 1814; x_wconf 81' lang='lat' dir='ltr'><strong><em>est,·</em></strong></span> <span class='ocrx_word' id='word_1_244' title='bbox 1186 1773 1220 1817; x_wconf 88' lang='lat'><strong><em>6,</em></strong></span> <span class='ocrx_word' id='word_1_245' title='bbox 1234 1770 1283 1811; x_wconf 83' lang='grc'><strong><em>42</em></strong></span> <span class='ocrx_word' id='word_1_246' title='bbox 1311 1775 1458 1810; x_wconf 73' lang='lat' dir='ltr'><strong><em>accitus</em></strong></span> <span class='ocrx_word' id='word_1_247' title='bbox 1487 1774 1528 1810; x_wconf 82' lang='lat' dir='ltr'><strong><em>in</em></strong></span> <span class='ocrx_word' id='word_1_248' title='bbox 1554 1785 1654 1821; x_wconf 72' lang='lat' dir='ltr'><strong><em>par-’⁶</em></strong></span> 
     </span>
     <span class='ocr_line' id='line_1_28' title="bbox 296 1826 1650 1880; baseline 0.004 -18"><span class='ocrx_word' id='word_1_249' title='bbox 296 1833 371 1862; x_wconf 86' lang='lat' dir='ltr'><strong><em>tem</em></strong></span> <span class='ocrx_word' id='word_1_250' title='bbox 397 1826 601 1862; x_wconf 82' lang='lat' dir='ltr'><strong><em>adversum</em></strong></span> <span class='ocrx_word' id='word_1_251' title='bbox 627 1840 755 1863; x_wconf 87' lang='lat' dir='ltr'><strong><em>omnes</em></strong></span> <span class='ocrx_word' id='word_1_252' title='bbox 787 1830 943 1864; x_wconf 84' lang='lat' dir='ltr'><strong><em>valescit</em></strong></span> <span class='ocrx_word' id='word_1_253' title='bbox 951 1847 970 1873; x_wconf 74' lang='lat'><strong><em>‚·=</em></strong></span> <span class='ocrx_word' id='word_1_254' title='bbox 998 1835 1055 1874; x_wconf 89' lang='lat'><strong><em>11,</em></strong></span> <span class='ocrx_word' id='word_1_255' title='bbox 1073 1835 1118 1868; x_wconf 88' lang='lat'><strong><em>15</em></strong></span> <span class='ocrx_word' id='word_1_256' title='bbox 1148 1834 1241 1879; x_wconf 82' lang='lat' dir='ltr'><strong><em>quia</em></strong></span> <span class='ocrx_word' id='word_1_257' title='bbox 1265 1839 1438 1869; x_wconf 81' lang='lat' dir='ltr'><strong><em>externae</em></strong></span> <span class='ocrx_word' id='word_1_258' title='bbox 1463 1830 1650 1880; x_wconf 63' lang='lat' dir='ltr'><strong><em>supereti-</em></strong></span> 
     </span>
     <span class='ocr_line' id='line_1_29' title="bbox 294 1887 1650 1936; baseline 0.004 -15"><span class='ocrx_word' id='word_1_259' title='bbox 294 1887 412 1922; x_wconf 86' lang='lat' dir='ltr'><strong><em>tiones</em></strong></span> <span class='ocrx_word' id='word_1_260' title='bbox 436 1887 656 1929; x_wconf 86' lang='lat' dir='ltr'><strong><em>valescant,·</em></strong></span> <span class='ocrx_word' id='word_1_261' title='bbox 681 1887 781 1922; x_wconf 85' lang='lat' dir='ltr'><strong><em>Hist.</em></strong></span> <span class='ocrx_word' id='word_1_262' title='bbox 795 1892 827 1933; x_wconf 92' lang='lat'><strong><em>1,</em></strong></span> <span class='ocrx_word' id='word_1_263' title='bbox 841 1892 887 1924; x_wconf 86' lang='lat'><strong><em>32</em></strong></span> <span class='ocrx_word' id='word_1_264' title='bbox 907 1889 1057 1924; x_wconf 78' lang='lat' dir='ltr'><strong><em>scelera</em></strong></span> <span class='ocrx_word' id='word_1_265' title='bbox 1069 1891 1220 1936; x_wconf 81' lang='lat' dir='ltr'><strong><em>impetu,</em></strong></span> <span class='ocrx_word' id='word_1_266' title='bbox 1241 1889 1343 1927; x_wconf 83' lang='lat' dir='ltr'><strong><em>bona</em></strong></span> <span class='ocrx_word' id='word_1_267' title='bbox 1364 1890 1527 1933; x_wconf 64' lang='lat' dir='ltr'><strong><em>consilia</em></strong></span> <span class='ocrx_word' id='word_1_268' title='bbox 1537 1889 1650 1929; x_wconf 73' lang='lat' dir='ltr'><strong><em>mora</em></strong></span> 
     </span>
     <span class='ocr_line' id='line_1_30' title="bbox 295 1944 1685 2007; baseline 0.007 -29"><span class='ocrx_word' id='word_1_269' title='bbox 295 1946 497 1981; x_wconf 57' lang='lat' dir='ltr'><strong><em>valescere</em></strong></span> <span class='ocrx_word' id='word_1_270' title='bbox 558 1944 774 1981; x_wconf 86' lang='lat' dir='ltr'><strong><em>Forcellino</em></strong></span> <span class='ocrx_word' id='word_1_271' title='bbox 818 1952 973 1983; x_wconf 85' lang='lat' dir='ltr'><strong><em>auctore</em></strong></span> <span class='ocrx_word' id='word_1_272' title='bbox 1008 1958 1070 1995; x_wconf 84' lang='lat' dir='ltr'><strong><em>ap.</em></strong></span> <span class='ocrx_word' id='word_1_273' title='bbox 1111 1960 1235 1985; x_wconf 89' lang='lat' dir='ltr'><strong><em>unum</em></strong></span> <span class='ocrx_word' id='word_1_274' title='bbox 1272 1956 1465 1998; x_wconf 78' lang='lat' dir='ltr'><strong><em>praeterea</em></strong></span> <span class='ocrx_word' id='word_1_275' title='bbox 1498 1950 1648 1990; x_wconf 79' lang='lat' dir='ltr'><strong><em>Lucret.</em></strong></span> <span class='ocrx_word' id='word_1_276' title='bbox 1681 2001 1685 2007; x_wconf 17' lang='grc' dir='ltr'>ὁ</span> 
     </span>
     <span class='ocr_line' id='line_1_31' title="bbox 298 2001 781 2047; baseline -0.004 -7"><span class='ocrx_word' id='word_1_277' title='bbox 298 2008 332 2047; x_wconf 90' lang='lat'><strong><em>1,</em></strong></span> <span class='ocrx_word' id='word_1_278' title='bbox 346 2001 418 2044; x_wconf 88' lang='grc'>940</span> <span class='ocrx_word' id='word_1_279' title='bbox 443 2002 781 2039; x_wconf 81' lang='lat' dir='ltr'><strong><em>h.v.invenitu1-.</em></strong></span> 
     </span>
    </p>

    <p class='ocr_par' dir='ltr' id='par_1_8' title="bbox 294 2058 1653 2409">
     <span class='ocr_line' id='line_1_32' title="bbox 367 2058 1653 2115; baseline 0.002 -15.036"><span class='ocrx_word' id='word_1_280' title='bbox 367 2058 864 2106; x_wconf 79' lang='lat' dir='ltr'><strong>VALETUDINARIUM,</strong></span> <span class='ocrx_word' id='word_1_281' title='bbox 909 2063 1238 2114; x_wconf 58' lang='lat' dir='ltr'><strong><em>stranfenaimme&#39;r,</em></strong></span> <span class='ocrx_word' id='word_1_282' title='bbox 1286 2065 1473 2115; x_wconf 52' lang='lat' dir='ltr'><strong><em>ssaffanti,</em></strong></span> <span class='ocrx_word' id='word_1_283' title='bbox 1513 2067 1653 2113; x_wconf 59' lang='lat' dir='ltr'><strong><em>transl,</em></strong></span> 
     </span>
     <span class='ocr_line' id='line_1_33' title="bbox 294 2119 1649 2168; baseline 0.003 -13"><span class='ocrx_word' id='word_1_284' title='bbox 294 2119 395 2155; x_wconf 86' lang='lat' dir='ltr'><strong><em>nial.</em></strong></span> <span class='ocrx_word' id='word_1_285' title='bbox 410 2123 454 2155; x_wconf 84' lang='lat'><strong><em>21</em></strong></span> <span class='ocrx_word' id='word_1_286' title='bbox 483 2131 646 2166; x_wconf 84' lang='lat' dir='ltr'><strong><em>quosque</em></strong></span> <span class='ocrx_word' id='word_1_287' title='bbox 672 2120 768 2155; x_wconf 82' lang='lat' dir='ltr'><strong><em>alios</em></strong></span> <span class='ocrx_word' id='word_1_288' title='bbox 793 2121 997 2168; x_wconf 81' lang='lat' dir='ltr'><strong><em>(oratores)</em></strong></span> <span class='ocrx_word' id='word_1_289' title='bbox 1030 2125 1071 2160; x_wconf 85' lang='lat' dir='ltr'><strong><em>in</em></strong></span> <span class='ocrx_word' id='word_1_290' title='bbox 1096 2126 1226 2162; x_wconf 83' lang='lat' dir='ltr'><strong><em>eodem</em></strong></span> <span class='ocrx_word' id='word_1_291' title='bbox 1249 2124 1529 2162; x_wconf 76' lang='lat' dir='ltr'><strong><em>valetudinario</em></strong></span> <span class='ocrx_word' id='word_1_292' title='bbox 1550 2124 1649 2160; x_wconf 73' lang='lat' dir='ltr'><strong><em>haee</em></strong></span> 
     </span>
     <span class='ocr_line' id='line_1_34' title="bbox 296 2178 1648 2225; baseline 0.003 -11"><span class='ocrx_word' id='word_1_293' title='bbox 296 2190 383 2214; x_wconf 89' lang='lat' dir='ltr'><strong><em>ossa</em></strong></span> <span class='ocrx_word' id='word_1_294' title='bbox 408 2185 443 2213; x_wconf 92' lang='lat' dir='ltr'><strong><em>et</em></strong></span> <span class='ocrx_word' id='word_1_295' title='bbox 465 2178 564 2213; x_wconf 78' lang='lat' dir='ltr'><strong><em>haec</em></strong></span> <span class='ocrx_word' id='word_1_296' title='bbox 587 2179 730 2214; x_wconf 79' lang='lat' dir='ltr'><strong><em>macies</em></strong></span> <span class='ocrx_word' id='word_1_297' title='bbox 757 2179 938 2225; x_wconf 77' lang='lat' dir='ltr'><strong><em>probant.</em></strong></span> <span class='ocrx_word' id='word_1_298' title='bbox 989 2183 1156 2219; x_wconf 88' lang='lat' dir='ltr'><strong><em>Utuntur</em></strong></span> <span class='ocrx_word' id='word_1_299' title='bbox 1191 2185 1231 2221; x_wconf 84' lang='lat' dir='ltr'><strong><em>h.</em></strong></span> <span class='ocrx_word' id='word_1_300' title='bbox 1256 2195 1295 2221; x_wconf 82' lang='lat' dir='ltr'><strong><em>v.</em></strong></span> <span class='ocrx_word' id='word_1_301' title='bbox 1323 2185 1473 2221; x_wconf 83' lang='lat' dir='ltr'><strong><em>colum.</em></strong></span> <span class='ocrx_word' id='word_1_302' title='bbox 1507 2188 1544 2219; x_wconf 76' lang='lat' dir='ltr'><strong><em>et</em></strong></span> <span class='ocrx_word' id='word_1_303' title='bbox 1577 2183 1648 2218; x_wconf 79' lang='lat' dir='ltr'><strong><em>Se-</em></strong></span> 
     </span>
     <span class='ocr_line' id='line_1_35' title="bbox 294 2234 1648 2286; baseline 0.003 -14"><span class='ocrx_word' id='word_1_304' title='bbox 294 2247 402 2280; x_wconf 86' lang='lat' dir='ltr'><strong><em>neca,</em></strong></span> <span class='ocrx_word' id='word_1_305' title='bbox 443 2236 509 2271; x_wconf 85' lang='lat' dir='ltr'><strong><em>hic</em></strong></span> <span class='ocrx_word' id='word_1_306' title='bbox 552 2234 668 2272; x_wconf 82' lang='lat' dir='ltr'><strong><em>etiam</em></strong></span> <span class='ocrx_word' id='word_1_307' title='bbox 699 2239 832 2273; x_wconf 63' lang='lat' dir='ltr'><strong><em>transla</em></strong></span> <span class='ocrx_word' id='word_1_308' title='bbox 867 2238 964 2286; x_wconf 86' lang='lat' dir='ltr'><strong><em>sign.</em></strong></span> <span class='ocrx_word' id='word_1_309' title='bbox 1010 2239 1125 2277; x_wconf 87' lang='lat' dir='ltr'><strong><em>Adde</em></strong></span> <span class='ocrx_word' id='word_1_310' title='bbox 1158 2242 1255 2278; x_wconf 87' lang='lat' dir='ltr'><strong><em>locis</em></strong></span> <span class='ocrx_word' id='word_1_311' title='bbox 1287 2253 1310 2278; x_wconf 87' lang='lat' dir='ltr'><strong><em>a</em></strong></span> <span class='ocrx_word' id='word_1_312' title='bbox 1332 2241 1490 2278; x_wconf 84' lang='lat' dir='ltr'><strong><em>Forcell.</em></strong></span> <span class='ocrx_word' id='word_1_313' title='bbox 1522 2238 1648 2276; x_wconf 80' lang='lat' dir='ltr'><strong><em>allatis</em></strong></span> 
     </span>
     <span class='ocr_line' id='line_1_36' title="bbox 297 2294 1647 2347; baseline 0.002 -17"><span class='ocrx_word' id='word_1_314' title='bbox 297 2294 345 2330; x_wconf 88' lang='lat' dir='ltr'><strong><em>de</em></strong></span> <span class='ocrx_word' id='word_1_315' title='bbox 377 2294 434 2330; x_wconf 87' lang='lat' dir='ltr'><strong><em>ira</em></strong></span> <span class='ocrx_word' id='word_1_316' title='bbox 460 2295 603 2338; x_wconf 83' lang='lat'><strong><em>1,16‚3</em></strong></span> <span class='ocrx_word' id='word_1_317' title='bbox 638 2302 676 2332; x_wconf 90' lang='lat' dir='ltr'><strong><em>et</em></strong></span> <span class='ocrx_word' id='word_1_318' title='bbox 707 2297 756 2333; x_wconf 92' lang='lat' dir='ltr'><strong><em>ad</em></strong></span> <span class='ocrx_word' id='word_1_319' title='bbox 787 2303 916 2333; x_wconf 91' lang='lat' dir='ltr'><strong><em>locum</em></strong></span> <span class='ocrx_word' id='word_1_320' title='bbox 946 2299 992 2333; x_wconf 89' lang='lat' dir='ltr'><strong><em>N.</em></strong></span> <span class='ocrx_word' id='word_1_321' title='bbox 1026 2299 1071 2345; x_wconf 82' lang='lat' dir='ltr'><strong><em>Q.</em></strong></span> <span class='ocrx_word' id='word_1_322' title='bbox 1097 2306 1136 2344; x_wconf 92' lang='lat'><strong><em>1,</em></strong></span> <span class='ocrx_word' id='word_1_323' title='bbox 1170 2299 1289 2347; x_wconf 82' lang='lat' dir='ltr'><strong><em>praef.</em></strong></span> <span class='ocrx_word' id='word_1_324' title='bbox 1319 2311 1359 2336; x_wconf 82' lang='lat' dir='ltr'><strong><em>v.</em></strong></span> <span class='ocrx_word' id='word_1_325' title='bbox 1393 2297 1647 2341; x_wconf 68' lang='lat' dir='ltr'><strong><em>Gronovium,</em></strong></span> 
     </span>
     <span class='ocr_line' id='line_1_37' title="bbox 295 2347 1642 2409; baseline 0.001 -20"><span class='ocrx_word' id='word_1_326' title='bbox 295 2354 372 2402; x_wconf 84' lang='lat' dir='ltr'><strong><em>Ap.</em></strong></span> <span class='ocrx_word' id='word_1_327' title='bbox 390 2347 604 2390; x_wconf 79' lang='lat' dir='ltr'><strong><em>Varronem</em></strong></span> <span class='ocrx_word' id='word_1_328' title='bbox 627 2356 935 2392; x_wconf 72' lang='lat' dir='ltr'><strong><em>valetudinarius</em></strong></span> <span class='ocrx_word' id='word_1_329' title='bbox 960 2361 1016 2391; x_wconf 88' lang='lat' dir='ltr'><strong><em>est</em></strong></span> <span class='ocrx_word' id='word_1_330' title='bbox 1041 2356 1108 2404; x_wconf 86' lang='lat' dir='ltr'><strong><em>qui</em></strong></span> <span class='ocrx_word' id='word_1_331' title='bbox 1132 2356 1350 2405; x_wconf 85' lang='lat' dir='ltr'><strong><em>frequenter</em></strong></span> <span class='ocrx_word' id='word_1_332' title='bbox 1373 2359 1550 2409; x_wconf 59' lang='lat' dir='ltr'><strong><em>aegrotat.</em></strong></span> <span class='ocrx_word' id='word_1_333' title='bbox 1640 2395 1642 2397; x_wconf 49' lang='grc'>,</span> 
     </span>
    </p>

    <p class='ocr_par' dir='ltr' id='par_1_9' title="bbox 292 2413 1646 2696">
     <span class='ocr_line' id='line_1_38' title="bbox 390 2413 1646 2462; baseline 0.001 -14"><span class='ocrx_word' id='word_1_334' title='bbox 390 2413 661 2449; x_wconf 86' lang='lat' dir='ltr'><strong>VALETUDO</strong></span> <span class='ocrx_word' id='word_1_335' title='bbox 688 2426 768 2451; x_wconf 82' lang='lat' dir='ltr'><strong><em>vox</em></strong></span> <span class='ocrx_word' id='word_1_336' title='bbox 792 2414 918 2450; x_wconf 82' lang='lat' dir='ltr'><strong><em>media</em></strong></span> <span class='ocrx_word' id='word_1_337' title='bbox 949 2419 1016 2457; x_wconf 86' lang='lat' dir='ltr'><strong><em>est,</em></strong></span> <span class='ocrx_word' id='word_1_338' title='bbox 1050 2414 1153 2450; x_wconf 87' lang='lat' dir='ltr'><strong><em>unde</em></strong></span> <span class='ocrx_word' id='word_1_339' title='bbox 1186 2414 1288 2451; x_wconf 81' lang='lat' dir='ltr'><strong><em>bona</em></strong></span> <span class='ocrx_word' id='word_1_340' title='bbox 1321 2419 1359 2450; x_wconf 86' lang='lat' dir='ltr'><strong><em>et</em></strong></span> <span class='ocrx_word' id='word_1_341' title='bbox 1381 2415 1490 2450; x_wconf 84' lang='lat' dir='ltr'><strong><em>mala</em></strong></span> <span class='ocrx_word' id='word_1_342' title='bbox 1513 2422 1544 2450; x_wconf 63' lang='lat' dir='ltr'><strong><em>sa</em></strong></span> <span class='ocrx_word' id='word_1_343' title='bbox 1568 2413 1646 2462; x_wconf 54' lang='lat' dir='ltr'><strong><em>adq-</em></strong></span> 
     </span>
     <span class='ocr_line' id='line_1_39' title="bbox 295 2459 1646 2521; baseline 0.004 -15"><span class='ocrx_word' id='word_1_344' title='bbox 295 2459 412 2508; x_wconf 83' lang='lat' dir='ltr'><strong><em>versa</em></strong></span> <span class='ocrx_word' id='word_1_345' title='bbox 435 2471 612 2507; x_wconf 85' lang='lat' dir='ltr'><strong><em>valetudo</em></strong></span> <span class='ocrx_word' id='word_1_346' title='bbox 638 2472 788 2517; x_wconf 85' lang='lat' dir='ltr'><strong><em>dicitur,</em></strong></span> <span class='ocrx_word' id='word_1_347' title='bbox 823 2473 890 2510; x_wconf 84' lang='lat' dir='ltr'><strong><em>sed</em></strong></span> <span class='ocrx_word' id='word_1_348' title='bbox 913 2472 1017 2508; x_wconf 85' lang='lat' dir='ltr'><strong><em>haud</em></strong></span> <span class='ocrx_word' id='word_1_349' title='bbox 1041 2483 1126 2508; x_wconf 84' lang='lat' dir='ltr'><strong><em>raro</em></strong></span> <span class='ocrx_word' id='word_1_350' title='bbox 1150 2484 1212 2520; x_wconf 84' lang='lat' dir='ltr'><strong><em>ap.</em></strong></span> <span class='ocrx_word' id='word_1_351' title='bbox 1238 2483 1371 2510; x_wconf 77' lang='lat' dir='ltr'><strong><em>omnes</em></strong></span> <span class='ocrx_word' id='word_1_352' title='bbox 1395 2484 1516 2521; x_wconf 73' lang='lat' dir='ltr'><strong><em>prope</em></strong></span> <span class='ocrx_word' id='word_1_353' title='bbox 1536 2471 1646 2513; x_wconf 62' lang='lat' dir='ltr'><strong><em>„scri-</em></strong></span> 
     </span>
     <span class='ocr_line' id='line_1_40' title="bbox 295 2528 1644 2579; baseline 0.004 -16"><span class='ocrx_word' id='word_1_354' title='bbox 295 2534 434 2576; x_wconf 83' lang='lat' dir='ltr'><strong><em>ptores,</em></strong></span> <span class='ocrx_word' id='word_1_355' title='bbox 466 2528 720 2579; x_wconf 50' lang='lat' dir='ltr'><strong><em>maximeap.</em></strong></span> <span class='ocrx_word' id='word_1_356' title='bbox 746 2531 935 2576; x_wconf 87' lang='lat' dir='ltr'><strong><em>Tacitum,</em></strong></span> <span class='ocrx_word' id='word_1_357' title='bbox 968 2530 1194 2579; x_wconf 83' lang='lat' dir='ltr'><strong><em>simpliciter</em></strong></span> <span class='ocrx_word' id='word_1_358' title='bbox 1225 2530 1410 2578; x_wconf 82' lang='lat' dir='ltr'><strong><em>exprimit</em></strong></span> <span class='ocrx_word' id='word_1_359' title='bbox 1444 2530 1644 2568; x_wconf 78' lang='lat' dir='ltr'><strong><em>adversam</em></strong></span> 
     </span>
     <span class='ocr_line' id='line_1_41' title="bbox 294 2586 1642 2637; baseline 0.001 -13"><span class='ocrx_word' id='word_1_360' title='bbox 294 2586 578 2624; x_wconf 77' lang='lat' dir='ltr'><strong><em>valetudinem·</em></strong></span> <span class='ocrx_word' id='word_1_361' title='bbox 610 2589 778 2634; x_wconf 84' lang='lat' dir='ltr'><strong><em>Ann.1·2,</em></strong></span> <span class='ocrx_word' id='word_1_362' title='bbox 794 2592 839 2629; x_wconf 89' lang='grc'><strong><em>68</em></strong></span> <span class='ocrx_word' id='word_1_363' title='bbox 863 2593 917 2626; x_wconf 86' lang='lat' dir='ltr'><strong><em>ire</em></strong></span> <span class='ocrx_word' id='word_1_364' title='bbox 939 2593 980 2627; x_wconf 91' lang='lat' dir='ltr'><strong><em>in</em></strong></span> <span class='ocrx_word' id='word_1_365' title='bbox 1003 2592 1135 2627; x_wconf 84' lang='lat' dir='ltr'><strong><em>melius</em></strong></span> <span class='ocrx_word' id='word_1_366' title='bbox 1158 2589 1414 2626; x_wconf 83' lang='lat' dir='ltr'><strong><em>valetudinem</em></strong></span> <span class='ocrx_word' id='word_1_367' title='bbox 1435 2589 1642 2637; x_wconf 54' lang='lat' dir='ltr'><strong><em>principis)</em></strong></span> 
     </span>
     <span class='ocr_line' id='line_1_42' title="bbox 292 2638 1644 2698; baseline 0.001 -15"><span class='ocrx_word' id='word_1_368' title='bbox 292 2651 328 2698; x_wconf 89' lang='grc'><strong><em>3,</em></strong></span> <span class='ocrx_word' id='word_1_369' title='bbox 344 2650 387 2686; x_wconf 83' lang='grc'><strong>71</strong></span> <span class='ocrx_word' id='word_1_370' title='bbox 410 2659 481 2693; x_wconf 84' lang='lat' dir='ltr'><strong><em>pro</em></strong></span> <span class='ocrx_word' id='word_1_371' title='bbox 507 2647 721 2684; x_wconf 82' lang='lat' dir='ltr'><strong><em>valetudine</em></strong></span> <span class='ocrx_word' id='word_1_372' title='bbox 744 2654 942 2696; x_wconf 83' lang='lat' dir='ltr'><strong><em>Augustae</em></strong></span> <span class='ocrx_word' id='word_1_373' title='bbox 964 2669 1013 2676; x_wconf 90' lang='lat'><em>-</em></span> <span class='ocrx_word' id='word_1_374' title='bbox 1035 2655 1236 2693; x_wconf 77' lang='lat' dir='ltr'><strong><em>voverant5</em></strong></span> <span class='ocrx_word' id='word_1_375' title='bbox 1259 2647 1356 2684; x_wconf 86' lang='lat' dir='ltr'><strong><em>ibid.</em></strong></span> <span class='ocrx_word' id='word_1_376' title='bbox 1380 2638 1546 2696; x_wconf 65' lang='lat' dir='ltr'><strong><em>quotient</em></strong></span> <span class='ocrx_word' id='word_1_377' title='bbox 1564 2658 1644 2684; x_wconf 81' lang='lat' dir='ltr'><strong><em>va·-</em></strong></span> 
     </span>
    </p>
   </div>
   <div class='ocr_carea' id='block_1_3' title="bbox 293 2703 1655 2811">
    <p class='ocr_par' dir='ltr' id='par_1_10' title="bbox 293 2703 1655 2811">
     <span class='ocr_line' id='line_1_43' title="bbox 293 2703 1655 2811; baseline 0.001 -71"><span class='ocrx_word' id='word_1_378' title='bbox 293 2704 418 2741; x_wconf 73' lang='lat' dir='ltr'><strong><em>lemae</em></strong></span> <span class='ocrx_word' id='word_1_379' title='bbox 450 2703 615 2741; x_wconf 84' lang='lat' dir='ltr'><strong><em>adversa</em></strong></span> <span class='ocrx_word' id='word_1_380' title='bbox 642 2708 841 2752; x_wconf 77' lang='lat' dir='ltr'><strong><em>flaminem</em></strong></span> <span class='ocrx_word' id='word_1_381' title='bbox 873 2709 1024 2745; x_wconf 87' lang='lat' dir='ltr'><strong><em>Dialem</em></strong></span> <span class='ocrx_word' id='word_1_382' title='bbox 1054 2703 1282 2752; x_wconf 76' lang='lat' dir='ltr'><strong><em>incessisset,</em></strong></span> <span class='ocrx_word' id='word_1_383' title='bbox 1314 2703 1372 2753; x_wconf 91' lang='grc'><strong><em>14,</em></strong></span> <span class='ocrx_word' id='word_1_384' title='bbox 1387 2706 1435 2744; x_wconf 85' lang='grc'><strong><em>56</em></strong></span> <span class='ocrx_word' id='word_1_385' title='bbox 1462 2703 1655 2811; x_wconf 50' lang='grc' dir='ltr'><strong><em>υαῗίιιᾶο</em></strong></span> 
     </span>
     <span class='ocr_line' id='line_1_44' title="bbox 1478 2774 1629 2799; baseline 0 0"><span class='ocrx_word' id='word_1_386' title='bbox 1478 2776 1519 2799; x_wconf 88' lang='grc' dir='ltr'><strong><em>ιη</em></strong></span> <span class='ocrx_word' id='word_1_387' title='bbox 1538 2774 1629 2799; x_wconf 82' lang='lat' dir='ltr'><strong><em>ensa</em></strong></span> 
     </span>
    </p>
   </div>
   <div class='ocr_carea' id='block_1_4' title="bbox 1573 2947 1605 2968">
    <p class='ocr_par' dir='ltr' id='par_1_11' title="bbox 1573 2947 1605 2968">
     <span class='ocr_line' id='line_1_45' title="bbox 1573 2947 1605 2968; baseline 0 0"><span class='ocrx_word' id='word_1_388' title='bbox 1573 2947 1605 2968; x_wconf 45' lang='grc' dir='ltr'><strong>Β</strong></span> 
     </span>
    </p>
   </div>
  </div>
 </body>
</html>
