1702 2982
348 105 359 121 ἱ

596 199 616 208 φ

262 218 352 264 384
595 240 601 243 κ
789 252 801 267 ,
813 213 1062 261 Pronomen
1124 203 1126 205 .

967 293 975 309 ί
1247 302 1251 307 .

259 332 374 368 videt.
399 348 448 358 —-
500 328 643 365 Durior
679 340 771 364 sane
808 328 955 376 ellipsis
992 336 1050 366 est
1085 329 1251 378 Agrio.9
1286 329 1544 374 Revertentem
1566 355 1614 364 ·-

262 390 491 433 Aquitaniae
512 389 753 435 praeposuit„
770 387 992 432 splendidae
1015 391 1056 424 z'n
1079 390 1212 433 primis
1239 388 1449 438 dignitatis,
1485 383 1616 429 admi-

261 451 482 484 nistratione
514 459 564 483 ac
594 458 659 491 spe
691 446 912 481 consulatus
949 447 1020 490 (sc.
1052 443 1165 492 ejusy,
1200 450 1262 483 cui
1297 448 1511 486 destinarat
1543 451 1615 498 (se.

261 508 378 554 eam).
427 506 498 542 Sed
535 506 632 540 hanc
662 506 785 540 solam
823 503 1177 551 interpretationem
1200 511 1302 542 recte
1327 518 1368 544 se
1395 507 1538 545 habere
1563 519 1616 557 ox

262 572 340 602 toto
368 563 482 610 hujus
498 563 582 598 ἱ1οοί
608 574 713 597 nexu
738 568 851 609 patet.
901 562 1024 598 Ceteri
1049 563 1096 598 ad
1121 565 1184 599 cui
1208 564 1420 602 destinarat
1435 567 1617 616 supplent

262 636 351 660 eum
381 622 407 658 i.
435 634 468 658 e.
503 622 754 656 consulatum.
809 619 1039 655 Pronomine
1081 622 1248 660 relativo·
1283 623 1428 672 posito,
1469 626 1616 670 ¹Graeco

262 695 368 718 more
395 679 587 728 prioribus
613 678 730 714 etiam
755 677 843 714 satis
869 678 1120 726 frequentato,
1155 675 1355 717 omittinir
1377 679 1617 726 demonstra-

264 742 390 778 tivum
414 739 517 774 Ann.
535 742 591 782 13,
607 741 651 775 27
680 730 772 783 quos
792 737 967 772 vindicta
989 745 1173 782 patronus
1189 751 1267 775 non
1283 738 1498 776 liberaverit
1515 741 1616 786 (eos)

197 838 211 846 1
263 801 364 836 velut
390 798 539 833 vinculo
565 796 756 830 servitutis
793 795 986 835 adtineri'j
1013 796 1114 832 Hist.
1132 803 1164 842 1,
1179 798 1227 836 56
1260 796 1363 845 quod
1393 799 1447 833 ia.
1465 797 1616 834 seditio·-

264 859 376 894 nz'bus
401 856 556 898 accidit,
583 854 684 889 unde
707 855 834 898 plures
858 861 968 889 erant
987 853 1080 901 (ibi)
1106 868 1234 891 omnes
1252 855 1384 901 fuere,-
1406 853 1446 901 lt,
1458 861 1505 899 29
1516 857 1618 894 unde

267 919 414 960 clamor
445 913 640 950 acciderat
671 912 755 958 (eo)
791 914 1050 961 circumagere
1085 925 1263 959 corpora,
1297 914 1448 951 tendere
1468 925 1616 962 arcus,-

265 978 366 1011 Ann.
383 980 415 1018 1,
433 978 478 1010 22
510 973 595 1014 Dic,
630 972 773 1014 Blaese,
811 971 919 1014 (eum
951 971 1100 1016 locum)
1134 971 1200 1007 ubi
1232 961 1400 1015 cadaver
1434 973 1618 1020 abjeceris

269 1033 348 1080 (cf.
385 1033 489 1067 Suet.
524 1028 644 1064 Galba
668 1034 714 1066 20
748 1040 790 1063 eo
821 1031 920 1074 Ioco,
953 1029 1018 1065 ubi
1043 1030 1154 1073 jussu
1190 1029 1337 1067 Galbae
1369 1030 1618 1069 animadver—

265 1104 349 1127 sum
376 1091 416 1125 in
439 1096 642 1134 patronum
667 1099 776 1122 suum
791 1086 940 1133 suerat,
965 1087 1144 1135 abjecit),·
1170 1090 1228 1133 16,
1245 1093 1290 1129 17
1302 1091 1422 1126 Mella
1443 1089 1616 1136 (iisdem)

267 1149 401 1198 quibus
430 1149 555 1185 Gallio
580 1154 615 1182 et
650 1151 790 1182 Seneca
822 1146 1043 1192 parentibus
1074 1154 1212 1192 natus5
1247 1148 1373 1184 Germ.
1390 1153 1539 1186 15vmos
1563 1153 1618 1184 est

268 1206 483 1244 civitatibus
507 1227 554 1234 -
579 1205 751 1251 conferre
785 1204 1018 1250 principibus
1052 1206 1115 1241 vel
1145 1214 1406 1242 armentorum
1436 1207 1500 1242 vel
1519 1206 1617 1252 fru-

264 1279 357 1314 gum
384 1265 451 1307 (id,
486 1264 654 1309 tantum)
684 1264 784 1310 quod
805 1276 874 1308 pro
909 1266 1047 1298 honore
1079 1271 1274 1309 acceptum
1306 1266 1421 1300 etiam
1453 1266 1617 1300 necessi·-

266 1324 411 1360 tatibus
428 1322 612 1359 subvenit.
639 1323 723 1357 Huc
745 1322 909 1370 pertinet
933 1323 1172 1360 attractio
1198 1334 1298 1372 quae
1316 1323 1468 1368 dicitur,
1498 1325 1615 1359 Grae-

266 1383 322 1419 cis
347 1380 618 1417 usitatissima:
651 1385 758 1416 Ann·
773 1386 830 1424 15,
846 1385 892 1418 52
927 1380 1023 1416 villa
1057 1383 1216 1428 Pisonis,
1250 1382 1358 1427 cujus
1391 1384 1617 1418 amoenitate

267 1447 401 1486 captus
429 1443 566 1475 Caesar
590 1435 719 1474 crebro
752 1438 963 1474 ventitabat
995 1439 1038 1483 (i.
1063 1451 1097 1475 e.
1124 1451 1215 1488 quo,
1249 1451 1324 1475 am.
1357 1440 1614 1488 eius*oapt1'1³·,

266 1513 301 1536 c.
327 1498 471 1544 vent.);
507 1496 637 1544 Agric.
654 1503 697 1534 18
735 1499 868 1544 quippe
902 1499 962 1532 cui
985 1497 1209 1545 ingredienti
1229 1500 1479 1543 provinciam,
1514 1491 1617 1546 quod
1644 1494 1647 1497 ”

270 1566 421 1602 tempus
445 1558 511 1591 alii
533 1568 602 1600 per
638 1559 919 1591 ostentationem
952 1562 1018 1590 aut
1044 1555 1254 1602 officiorum
1277 1557 1464 1594 ambitum
1486 1565 1618 1594 trans-

272 1619 392 1664 igunt,
428 1614 538 1650 labor
570 1621 603 1649 et
632 1616 841 1659 periculum
873 1615 1076 1659 placuisset
1109 1614 1156 1661 (i.
1181 1627 1214 1651 e.
1238 1627 1284 1651 eo
1315 1608 1488 1664 tempore
1506 1614 1616 1665 'qnod

269 1674 384 1722 cet.);
416 1685 475 1720 cp.
491 1670 538 1710 34
562 1674 728 1720 reliquus
753 1680 807 1708 est
831 1685 1009 1708 numerus
1033 1675 1259 1721 ignavorum
1294 1681 1330 1709 et
1360 1675 1630 1718 metuentium2'

268 1746 360 1781 quos
386 1731 486 1779 quod
510 1731 665 1767 tandem
690 1733 883 1767 invenistis
907 1744 980 1766 non
1013 1734 1226 1767 restiterunt
1259 1732 1305 1779 (i.
1331 1739 1364 1768 θ.
1395 1732 1477 1781 qui,
1509 1730 1615 1780 quod

266 1804 331 1828 eos
356 1798 383 1826 t.
411 1790 491 1825 inv.
519 1800 598 1824 non
623 1789 741 1835 rest.)
790 1789 977 1825 Additum
1003 1795 1059 1825 est
1090 1790 1297 1826 demonstr.
1321 1791 1426 1827 Anu.
1438 1788 1475 1834 lt,
1489 1784 1539 1828 56
1558 1789 1622 1831 ad,

266 1862 310 1884 ea
337 1851 420 1896 quis
444 1850 609 1883 maxime
623 1847 804 1890 fidebant
828 1850 868 1882 in
889 1849 1069 1893 populum
1094 1838 1311 1895 Romanum
1332 1847 1484 1896 officiis.
1519 1879 1521 1881 .

365 1907 407 1952 c)
433 1918 566 1952 pron.
592 1905 857 1942 relativum
882 1905 964 1941 sine
999 1905 1176 1950 aliorum,
1209 1912 1255 1941 ut
1284 1906 1450 1951 videtur,
1481 1917 1615 1943 exem-

265 1964 341 2013 plis
364 1966 464 1999 Ann.
479 1965 513 2007 6,
529 1967 549 2003 7
584 1966 696 1999 tracti
721 1971 809 1999 sunt
840 1967 881 1999 in
906 1975 1038 1999 casum
1065 1965 1226 2000 eundem
1256 1967 1379 2000 Julius
1401 1966 1614 2012 Africanus

265 2036 286 2058 e
310 2023 498 2066 Santonis,
538 2024 689 2058 Gallica
720 2024 880 2067 civitate,
916 2022 1022 2064 Seius
1057 2023 1293 2067 Quadratus:
1327 2022 1474 2070 (cujus)
1499 2026 1615 2072 origi-

265 2093 351 2117 nem
365 2091 441 2115 non
454 2082 600 2123 repperi
606 2096 619 2124 ‚-
643 2085 698 2123 12,
714 2081 761 2117 36
774 2079 937 2115 avebant
957 2083 1097 2134 visere,
1110 2083 1192 2127 quis
1216 2082 1278 2117 ille
1301 2082 1427 2129 (esset,
1449 2081 1536 2131 qui3
1555 2088 1615 2119 at-

263 2138 460 2175 tractionis
487 2144 543 2174 est
569 2137 710 2185 genus)
732 2139 928 2182 sprevisset
937 2151 950 2178 ,·
979 2144 1013 2181 3,
1028 2140 1075 2176 26
1099 2140 1266 2174 maxime
1291 2139 1413 2186 fama
1435 2134 1613 2175 Celebra-

263 2201 318 2235 vz't
343 2199 480 2246 (leges)
509 2198 746 2238 Cretensium,
781 2207 879 2242 quas
913 2198 1054 2239 Minos,
1088 2199 1375 2242 Spartanorum,
1408 2206 1504 2242 quas
1531 2201 1613 2243 Ly-

265 2269 418 2305 curgus,
446 2267 494 2291 ac
519 2257 648 2303 (quas)
673 2266 761 2288 mox
784 2254 1071 2289 Atheniensibus
1097 2256 1337 2301 quaesitiores
1355 2253 1443 2297 jam
1466 2260 1501 2288 et
1522 2254 1612 2298 plu—
1646 2274 1649 2280 ›

262 2328 323 2351 res
355 2315 467 2350 Solon
498 2314 712 2359 perscripsit
719 2327 733 2356 ;
765 2313 799 2356 6,
813 2313 862 2350 36
893 2315 978 2360 quis
1006 2324 1123 2358 neque
1156 2311 1243 2346 boni
1266 2312 1470 2347 intellectus
1493 2323 1614 2359 neque

263 2374 361 2412 mali,
389 2383 503 2415 cura,
538 2370 606 2406 sed
640 2369 755 2418 (qui)
789 2373 957 2407 mercede
991 2371 1166 2412 aluntur,
1199 2370 1364 2403 ministri
1396 2369 1612 2417 sceleribus.
1642 2396 1646 2406 .

267 2434 354 2467 Huc
381 2428 579 2477 pertinent,
613 2439 722 2476 quae,
758 2436 882 2475 spreta
915 2427 1180 2465 concinnitatis
1203 2428 1297 2475 lege,
1330 2426 1373 2462 in
1396 2427 1613 2480 huno-rno-

264 2491 357 2525 dum
382 2487 593 2533 composita
617 2489 795 2533 leguntur
826 2488 927 2523 Ann.
939 2487 1000 2532 13,
1014 2484 1060 2524 48
1096 2484 1192 2522 daut
1224 2485 1373 2521 cohorte
1402 2485 1613 2532 praetoris&
1663 2499 1671 2506 ·

266 2549 375 2592 cujus
399 2553 535 2582 terrore
559 2552 592 2580 et
618 2547 706 2591 (pro
730 2548 839 2590 sicut,
873 2547 939 2582 vel
970 2544 1205 2580 non'minus
1238 2544 1370 2590 quam)
1399 2555 1611 2588 paucorum
1662 2566 1665 2568 -

265 2606 446 2650 supplicio
471 2603 579 2638 rediit
604 2603 803 2647 oppidanis
838 2603 1056 2639 concordia.
1105 2602 1160 2639 cf.
1188 2612 1297 2648 pron.
1332 2601 1435 2644 dem.
1467 2603 1609 2638 Graeco

265 2676 373 2699 more
398 2660 566 2709 positum
591 2672 660 2707 pro
685 2662 848 2708 repetito
872 2661 1032 2697 relativo
1061 2659 1140 2697 Cic.
1165 2658 1247 2694 Fin.
1261 2663 1296 2702 2,
1311 2664 1334 2695 2
1357 2658 1460 2695 huno
1484 2663 1608 2704 ipsum

265 2723 344 2758 sive
366 2719 495 2762 finem,
530 2719 609 2754 sive
640 2726 856 2765 extremum,
889 2714 966 2756 sive
997 2719 1171 2755 ultimum
1203 2716 1411 2754 definiebas
1442 2717 1485 2753 id
1516 2729 1607 2761 esse,

1536 2787 1607 2823 quo
