<?xml version="1.0" encoding="UTF-8"?>
<!DOCTYPE html PUBLIC "-//W3C//DTD XHTML 1.0 Transitional//EN"
    "http://www.w3.org/TR/xhtml1/DTD/xhtml1-transitional.dtd">
<html xmlns="http://www.w3.org/1999/xhtml" xml:lang="en" lang="en">
 <head>
  <title>
</title>
<meta http-equiv="Content-Type" content="text/html;charset=utf-8" />
  <meta name='ocr-system' content='tesseract 3.04.00' />
  <meta name='ocr-capabilities' content='ocr_page ocr_carea ocr_par ocr_line ocrx_word'/>
</head>
<body>
  <div class='ocr_page' id='page_1' title='image "./lexicontaciteums00boetuoft/lexicontaciteums00boetuoft_0052.png"; bbox 0 0 1702 2982; ppageno 0'>
   <div class='ocr_carea' id='block_1_1' title="bbox 228 194 1101 259">
    <p class='ocr_par' dir='ltr' id='par_1_1' title="bbox 228 194 1101 259">
     <span class='ocr_line' id='line_1_1' title="bbox 228 194 1101 259; baseline -0.005 -15"><span class='ocrx_word' id='word_1_1' title='bbox 228 209 364 245; x_wconf 77' lang='lat' dir='ltr'>xxxn</span> <span class='ocrx_word' id='word_1_2' title='bbox 719 194 1101 259; x_wconf 84' lang='lat' dir='ltr'>Prolegomena</span> 
     </span>
    </p>
   </div>
   <div class='ocr_carea' id='block_1_2' title="bbox 182 303 1593 1577">
    <p class='ocr_par' dir='ltr' id='par_1_2' title="bbox 182 303 1593 1577">
     <span class='ocr_line' id='line_1_2' title="bbox 230 303 1572 379; baseline 0.001 -21"><span class='ocrx_word' id='word_1_3' title='bbox 230 312 415 374; x_wconf 84' lang='lat' dir='ltr'>triaeque</span> <span class='ocrx_word' id='word_1_4' title='bbox 452 313 657 359; x_wconf 85' lang='lat' dir='ltr'>excidium</span> <span class='ocrx_word' id='word_1_5' title='bbox 692 311 873 359; x_wconf 82' lang='lat' dir='ltr'>lacrimis</span> <span class='ocrx_word' id='word_1_6' title='bbox 912 303 1070 358; x_wconf 77' lang='lat' dir='ltr'>obortis</span> <span class='ocrx_word' id='word_1_7' title='bbox 1102 313 1401 359; x_wconf 86' lang='lat' dir='ltr'>vaticinantem</span> <span class='ocrx_word' id='word_1_8' title='bbox 1431 313 1572 379; x_wconf 80' lang='lat' dir='ltr'>adspi-</span> 
     </span>
     <span class='ocr_line' id='line_1_3' title="bbox 232 380 1581 447; baseline -0.001 -17"><span class='ocrx_word' id='word_1_9' title='bbox 232 384 361 433; x_wconf 88' lang='lat' dir='ltr'>cimus</span> <span class='ocrx_word' id='word_1_10' title='bbox 394 385 608 440; x_wconf 87' lang='lat' dir='ltr'>Tacitum,</span> <span class='ocrx_word' id='word_1_11' title='bbox 640 401 815 446; x_wconf 90' lang='lat' dir='ltr'>eumque</span> <span class='ocrx_word' id='word_1_12' title='bbox 844 400 932 428; x_wconf 91' lang='lat' dir='ltr'>non</span> <span class='ocrx_word' id='word_1_13' title='bbox 963 385 1153 447; x_wconf 86' lang='lat' dir='ltr'>quaesito</span> <span class='ocrx_word' id='word_1_14' title='bbox 1186 401 1236 429; x_wconf 88' lang='lat' dir='ltr'>ac</span> <span class='ocrx_word' id='word_1_15' title='bbox 1274 385 1399 444; x_wconf 84' lang='lat' dir='ltr'>longe</span> <span class='ocrx_word' id='word_1_16' title='bbox 1429 380 1581 429; x_wconf 50' lang='lat' dir='ltr'>arces‘</span> 
     </span>
     <span class='ocr_line' id='line_1_4' title="bbox 229 454 1570 518; baseline 0.001 -18"><span class='ocrx_word' id='word_1_17' title='bbox 229 456 310 501; x_wconf 89' lang='lat' dir='ltr'>sito</span> <span class='ocrx_word' id='word_1_18' title='bbox 348 457 486 500; x_wconf 87' lang='lat' dir='ltr'>studio</span> <span class='ocrx_word' id='word_1_19' title='bbox 527 454 602 500; x_wconf 72' lang='lat' dir='ltr'>sed</span> <span class='ocrx_word' id='word_1_20' title='bbox 637 455 820 517; x_wconf 89' lang='lat' dir='ltr'>undique</span> <span class='ocrx_word' id='word_1_21' title='bbox 859 454 994 499; x_wconf 86' lang='lat' dir='ltr'>obviis</span> <span class='ocrx_word' id='word_1_22' title='bbox 1032 466 1073 501; x_wconf 86' lang='lat' dir='ltr'>et</span> <span class='ocrx_word' id='word_1_23' title='bbox 1114 455 1187 500; x_wconf 87' lang='lat' dir='ltr'>tali</span> <span class='ocrx_word' id='word_1_24' title='bbox 1216 455 1385 516; x_wconf 85' lang='lat' dir='ltr'>ingenio</span> <span class='ocrx_word' id='word_1_25' title='bbox 1417 464 1570 518; x_wconf 68' lang='lat' dir='ltr'>sponte</span> 
     </span>
     <span class='ocr_line' id='line_1_5' title="bbox 210 525 1569 588; baseline -0.001 -17"><span class='ocrx_word' id='word_1_26' title='bbox 210 543 273 579; x_wconf 12' lang='lat' dir='ltr'>*se</span> <span class='ocrx_word' id='word_1_27' title='bbox 304 526 569 571; x_wconf 84' lang='lat' dir='ltr'>offerentibus</span> <span class='ocrx_word' id='word_1_28' title='bbox 599 543 737 570; x_wconf 90' lang='lat' dir='ltr'>rerum</span> <span class='ocrx_word' id='word_1_29' title='bbox 767 525 915 570; x_wconf 86' lang='lat' dir='ltr'>formis</span> <span class='ocrx_word' id='word_1_30' title='bbox 947 536 1032 570; x_wconf 88' lang='lat' dir='ltr'>tam</span> <span class='ocrx_word' id='word_1_31' title='bbox 1064 525 1323 588; x_wconf 88' lang='lat' dir='ltr'>praeclaram</span> <span class='ocrx_word' id='word_1_32' title='bbox 1355 525 1569 586; x_wconf 83' lang='lat' dir='ltr'>omnihus·</span> 
     </span>
     <span class='ocr_line' id='line_1_6' title="bbox 199 594 1570 659; baseline -0.001 -18"><span class='ocrx_word' id='word_1_33' title='bbox 199 594 201 598; x_wconf 46' lang='lat'><em>⁴</em></span> <span class='ocrx_word' id='word_1_34' title='bbox 231 614 310 658; x_wconf 92' lang='lat' dir='ltr'>que</span> <span class='ocrx_word' id='word_1_35' title='bbox 340 597 528 659; x_wconf 87' lang='lat' dir='ltr'>partibus</span> <span class='ocrx_word' id='word_1_36' title='bbox 561 595 799 647; x_wconf 79' lang='lat' dir='ltr'>absolutam</span> <span class='ocrx_word' id='word_1_37' title='bbox 830 595 1056 640; x_wconf 83' lang='lat' dir='ltr'><strong>convulsae</strong></span> <span class='ocrx_word' id='word_1_38' title='bbox 1088 607 1129 641; x_wconf 86' lang='lat' dir='ltr'>et</span> <span class='ocrx_word' id='word_1_39' title='bbox 1165 594 1463 642; x_wconf 79' lang='lat' dir='ltr'>c‘ollabefactae</span> <span class='ocrx_word' id='word_1_40' title='bbox 1493 611 1570 658; x_wconf 87' lang='lat' dir='ltr'>pa-</span> 
     </span>
     <span class='ocr_line' id='line_1_7' title="bbox 228 664 1571 728; baseline 0 -16"><span class='ocrx_word' id='word_1_41' title='bbox 228 668 331 713; x_wconf 85' lang='lat' dir='ltr'><strong>triae</strong></span> <span class='ocrx_word' id='word_1_42' title='bbox 362 668 585 728; x_wconf 81' lang='lat' dir='ltr'>imaginem</span> <span class='ocrx_word' id='word_1_43' title='bbox 614 667 900 711; x_wconf 83' lang='lat' dir='ltr'>meditantem.</span> <span class='ocrx_word' id='word_1_44' title='bbox 952 664 1106 728; x_wconf 89' lang='lat' dir='ltr'>Neque</span> <span class='ocrx_word' id='word_1_45' title='bbox 1135 667 1340 711; x_wconf 86' lang='lat' dir='ltr'>minorem</span> <span class='ocrx_word' id='word_1_46' title='bbox 1371 682 1498 728; x_wconf 85' lang='lat' dir='ltr'>quam</span> <span class='ocrx_word' id='word_1_47' title='bbox 1526 666 1571 712; x_wconf 87' lang='lat' dir='ltr'>in</span> 
     </span>
     <span class='ocr_line' id='line_1_8' title="bbox 230 736 1579 805; baseline -0.001 -22"><span class='ocrx_word' id='word_1_48' title='bbox 230 738 446 800; x_wconf 86' lang='lat' dir='ltr'>Olympici</span> <span class='ocrx_word' id='word_1_49' title='bbox 476 737 596 785; x_wconf 85' lang='lat' dir='ltr'>Jovis</span> <span class='ocrx_word' id='word_1_50' title='bbox 627 748 763 783; x_wconf 84' lang='lat' dir='ltr'>statua</span> <span class='ocrx_word' id='word_1_51' title='bbox 793 737 1008 793; x_wconf 86' lang='lat' dir='ltr'>Phidiam,</span> <span class='ocrx_word' id='word_1_52' title='bbox 1039 737 1083 782; x_wconf 92' lang='lat' dir='ltr'>in</span> <span class='ocrx_word' id='word_1_53' title='bbox 1114 737 1266 782; x_wconf 90' lang='lat' dir='ltr'>divinis</span> <span class='ocrx_word' id='word_1_54' title='bbox 1298 736 1386 784; x_wconf 84' lang='lat' dir='ltr'>suis</span> <span class='ocrx_word' id='word_1_55' title='bbox 1405 747 1579 805; x_wconf 59' lang='lat' dir='ltr'>tragoe-</span> 
     </span>
     <span class='ocr_line' id='line_1_9' title="bbox 230 807 1571 870; baseline -0.001 -17"><span class='ocrx_word' id='word_1_56' title='bbox 230 809 310 853; x_wconf 89' lang='lat' dir='ltr'>diis</span> <span class='ocrx_word' id='word_1_57' title='bbox 342 807 616 869; x_wconf 87' lang='lat' dir='ltr'>Sophoclem,</span> <span class='ocrx_word' id='word_1_58' title='bbox 657 810 714 853; x_wconf 90' lang='lat' dir='ltr'>ad</span> <span class='ocrx_word' id='word_1_59' title='bbox 750 807 916 868; x_wconf 87' lang='lat' dir='ltr'>singula</span> <span class='ocrx_word' id='word_1_60' title='bbox 945 808 1071 852; x_wconf 86' lang='lat' dir='ltr'>etiam</span> <span class='ocrx_word' id='word_1_61' title='bbox 1101 807 1392 870; x_wconf 87' lang='lat' dir='ltr'>componenda</span> <span class='ocrx_word' id='word_1_62' title='bbox 1421 817 1464 853; x_wconf 86' lang='lat' dir='ltr'>et</span> <span class='ocrx_word' id='word_1_63' title='bbox 1493 822 1571 852; x_wconf 89' lang='lat' dir='ltr'>suo</span> 
     </span>
     <span class='ocr_line' id='line_1_10' title="bbox 182 878 1589 940; baseline 0.001 -18"><span class='ocrx_word' id='word_1_64' title='bbox 182 928 188 933; x_wconf 16' lang='lat' dir='ltr'>x</span> <span class='ocrx_word' id='word_1_65' title='bbox 229 896 417 940; x_wconf 86' lang='lat' dir='ltr'>quaeque</span> <span class='ocrx_word' id='word_1_66' title='bbox 450 878 544 923; x_wconf 93' lang='lat' dir='ltr'>loco</span> <span class='ocrx_word' id='word_1_67' title='bbox 575 878 852 940; x_wconf 89' lang='lat' dir='ltr'>proponenda</span> <span class='ocrx_word' id='word_1_68' title='bbox 882 888 1015 923; x_wconf 85' lang='lat' dir='ltr'>artem</span> <span class='ocrx_word' id='word_1_69' title='bbox 1046 895 1141 923; x_wconf 91' lang='lat' dir='ltr'>eum</span> <span class='ocrx_word' id='word_1_70' title='bbox 1169 878 1412 936; x_wconf 76' lang='lat' dir='ltr'>adhibuisse</span> <span class='ocrx_word' id='word_1_71' title='bbox 1452 878 1589 924; x_wconf 83' lang='lat' dir='ltr'>vide·-</span> 
     </span>
     <span class='ocr_line' id='line_1_11' title="bbox 228 948 1568 1012; baseline 0.001 -18"><span class='ocrx_word' id='word_1_72' title='bbox 228 966 335 994; x_wconf 79' lang='lat' dir='ltr'>muS.</span> <span class='ocrx_word' id='word_1_73' title='bbox 395 948 586 1010; x_wconf 84' lang='lat' dir='ltr'>Prologo</span> <span class='ocrx_word' id='word_1_74' title='bbox 618 966 711 994; x_wconf 92' lang='lat' dir='ltr'>cum</span> <span class='ocrx_word' id='word_1_75' title='bbox 740 948 926 993; x_wconf 89' lang='lat' dir='ltr'>historiis</span> <span class='ocrx_word' id='word_1_76' title='bbox 959 959 1045 993; x_wconf 87' lang='lat' dir='ltr'>tum</span> <span class='ocrx_word' id='word_1_77' title='bbox 1076 949 1294 994; x_wconf 53' lang='lat' dir='ltr'>annalium*</span> <span class='ocrx_word' id='word_1_78' title='bbox 1309 948 1426 994; x_wconf 76' lang='lat' dir='ltr'>libris</span> <span class='ocrx_word' id='word_1_79' title='bbox 1447 966 1568 1012; x_wconf 85' lang='lat' dir='ltr'>prae-</span> 
     </span>
     <span class='ocr_line' id='line_1_12' title="bbox 227 1018 1593 1082; baseline 0.001 -17"><span class='ocrx_word' id='word_1_80' title='bbox 227 1020 374 1076; x_wconf 88' lang='lat' dir='ltr'>misso,</span> <span class='ocrx_word' id='word_1_81' title='bbox 407 1036 488 1082; x_wconf 89' lang='lat' dir='ltr'>quo</span> <span class='ocrx_word' id='word_1_82' title='bbox 521 1036 606 1064; x_wconf 92' lang='lat' dir='ltr'>non</span> <span class='ocrx_word' id='word_1_83' title='bbox 637 1030 930 1081; x_wconf 86' lang='lat' dir='ltr'>argumentum</span> <span class='ocrx_word' id='word_1_84' title='bbox 961 1018 1099 1064; x_wconf 92' lang='lat' dir='ltr'>solum</span> <span class='ocrx_word' id='word_1_85' title='bbox 1129 1019 1256 1064; x_wconf 86' lang='lat' dir='ltr'>totius</span> <span class='ocrx_word' id='word_1_86' title='bbox 1283 1020 1457 1082; x_wconf 20' lang='lat' dir='ltr'>roperiS,</span> <span class='ocrx_word' id='word_1_87' title='bbox 1495 1019 1593 1066; x_wconf 81' lang='lat' dir='ltr'>sed·</span> 
     </span>
     <span class='ocr_line' id='line_1_13' title="bbox 226 1089 1568 1152; baseline 0.001 -16"><span class='ocrx_word' id='word_1_88' title='bbox 226 1102 317 1136; x_wconf 83' lang='lat' dir='ltr'>tota</span> <span class='ocrx_word' id='word_1_89' title='bbox 347 1092 436 1152; x_wconf 87' lang='lat' dir='ltr'>ejus</span> <span class='ocrx_word' id='word_1_90' title='bbox 467 1091 576 1141; x_wconf 81' lang='lat' dir='ltr'>ratio</span> <span class='ocrx_word' id='word_1_91' title='bbox 608 1101 732 1151; x_wconf 88' lang='lat' dir='ltr'>atque</span> <span class='ocrx_word' id='word_1_92' title='bbox 761 1089 927 1135; x_wconf 90' lang='lat' dir='ltr'>indoles</span> <span class='ocrx_word' id='word_1_93' title='bbox 957 1089 1076 1134; x_wconf 88' lang='lat' dir='ltr'>brevi</span> <span class='ocrx_word' id='word_1_94' title='bbox 1105 1090 1308 1135; x_wconf 88' lang='lat' dir='ltr'>indicetur</span> <span class='ocrx_word' id='word_1_95' title='bbox 1344 1091 1568 1137; x_wconf 87' lang='lat' dir='ltr'>adumbra-</span> 
     </span>
     <span class='ocr_line' id='line_1_14' title="bbox 227 1159 1567 1224; baseline 0 -17"><span class='ocrx_word' id='word_1_96' title='bbox 227 1164 361 1218; x_wconf 80' lang='lat' dir='ltr'>tione,</span> <span class='ocrx_word' id='word_1_97' title='bbox 398 1179 476 1224; x_wconf 83' lang='lat' dir='ltr'>per</span> <span class='ocrx_word' id='word_1_98' title='bbox 516 1177 661 1205; x_wconf 89' lang='lat' dir='ltr'>omnes</span> <span class='ocrx_word' id='word_1_99' title='bbox 694 1160 815 1222; x_wconf 85' lang='lat' dir='ltr'>quasi</span> <span class='ocrx_word' id='word_1_100' title='bbox 846 1159 1022 1204; x_wconf 89' lang='lat' dir='ltr'>actionis</span> <span class='ocrx_word' id='word_1_101' title='bbox 1053 1161 1257 1205; x_wconf 87' lang='lat' dir='ltr'>stationes</span> <span class='ocrx_word' id='word_1_102' title='bbox 1283 1161 1331 1206; x_wconf 71' lang='lat' dir='ltr'>et</span> <span class='ocrx_word' id='word_1_103' title='bbox 1363 1161 1426 1223; x_wconf 62' lang='lat' dir='ltr'>ad&gt;</span> <span class='ocrx_word' id='word_1_104' title='bbox 1449 1162 1567 1224; x_wconf 86' lang='lat' dir='ltr'>ipsas</span> 
     </span>
     <span class='ocr_line' id='line_1_15' title="bbox 225 1230 1593 1293; baseline 0.001 -17"><span class='ocrx_word' id='word_1_105' title='bbox 225 1250 293 1276; x_wconf 90' lang='lat' dir='ltr'>res</span> <span class='ocrx_word' id='word_1_106' title='bbox 345 1243 385 1277; x_wconf 87' lang='lat' dir='ltr'>et</span> <span class='ocrx_word' id='word_1_107' title='bbox 423 1232 478 1276; x_wconf 87' lang='lat' dir='ltr'>ad</span> <span class='ocrx_word' id='word_1_108' title='bbox 519 1231 619 1276; x_wconf 83' lang='lat' dir='ltr'>artis</span> <span class='ocrx_word' id='word_1_109' title='bbox 661 1230 775 1292; x_wconf 85' lang='lat' dir='ltr'>leges</span> <span class='ocrx_word' id='word_1_110' title='bbox 816 1241 913 1293; x_wconf 86' lang='lat' dir='ltr'>apte</span> <span class='ocrx_word' id='word_1_111' title='bbox 957 1242 1312 1293; x_wconf 82' lang='lat' dir='ltr'>congruenterque</span> <span class='ocrx_word' id='word_1_112' title='bbox 1355 1233 1593 1278; x_wconf 79' lang='lat' dir='ltr'>dimensas‘</span> 
     </span>
     <span class='ocr_line' id='line_1_16' title="bbox 223 1301 1569 1364; baseline 0.002 -18"><span class='ocrx_word' id='word_1_113' title='bbox 223 1303 352 1347; x_wconf 90' lang='lat' dir='ltr'>modo</span> <span class='ocrx_word' id='word_1_114' title='bbox 384 1302 666 1353; x_wconf 84' lang='lat' dir='ltr'>citatomodo</span> <span class='ocrx_word' id='word_1_115' title='bbox 697 1302 872 1347; x_wconf 89' lang='lat' dir='ltr'>remisso</span> <span class='ocrx_word' id='word_1_116' title='bbox 904 1312 1027 1363; x_wconf 86' lang='lat' dir='ltr'>atque</span> <span class='ocrx_word' id='word_1_117' title='bbox 1057 1301 1232 1346; x_wconf 82' lang='lat' dir='ltr'>inhibito</span> <span class='ocrx_word' id='word_1_118' title='bbox 1263 1303 1397 1364; x_wconf 71' lang='lat' dir='ltr'>gradu</span> <span class='ocrx_word' id='word_1_119' title='bbox 1426 1303 1569 1364; x_wconf 86' lang='lat' dir='ltr'>legen-</span> 
     </span>
     <span class='ocr_line' id='line_1_17' title="bbox 226 1371 1567 1436; baseline 0.001 -18"><span class='ocrx_word' id='word_1_120' title='bbox 226 1374 331 1418; x_wconf 82' lang='lat' dir='ltr'>tium</span> <span class='ocrx_word' id='word_1_121' title='bbox 362 1371 471 1418; x_wconf 72' lang='lat' dir='ltr'>ducit</span> <span class='ocrx_word' id='word_1_122' title='bbox 501 1374 680 1429; x_wconf 88' lang='lat' dir='ltr'>animos,</span> <span class='ocrx_word' id='word_1_123' title='bbox 711 1384 752 1418; x_wconf 85' lang='lat' dir='ltr'>et</span> <span class='ocrx_word' id='word_1_124' title='bbox 781 1373 840 1417; x_wconf 85' lang='lat' dir='ltr'>ita</span> <span class='ocrx_word' id='word_1_125' title='bbox 870 1372 1060 1434; x_wconf 83' lang='lat' dir='ltr'>depingit</span> <span class='ocrx_word' id='word_1_126' title='bbox 1089 1371 1303 1417; x_wconf 91' lang='lat' dir='ltr'>hominum</span> <span class='ocrx_word' id='word_1_127' title='bbox 1344 1391 1567 1436; x_wconf 88' lang='lat' dir='ltr'>rerumque</span> 
     </span>
     <span class='ocr_line' id='line_1_18' title="bbox 224 1442 1565 1507; baseline 0.001 -19"><span class='ocrx_word' id='word_1_128' title='bbox 224 1443 278 1488; x_wconf 89' lang='lat' dir='ltr'>ab</span> <span class='ocrx_word' id='word_1_129' title='bbox 315 1443 367 1488; x_wconf 90' lang='lat' dir='ltr'>iis</span> <span class='ocrx_word' id='word_1_130' title='bbox 405 1454 617 1505; x_wconf 85' lang='lat' dir='ltr'>gestarum</span> <span class='ocrx_word' id='word_1_131' title='bbox 654 1444 823 1504; x_wconf 88' lang='lat' dir='ltr'>ingenia</span> <span class='ocrx_word' id='word_1_132' title='bbox 861 1442 1131 1503; x_wconf 80' lang='lat' dir='ltr'>formasque,</span> <span class='ocrx_word' id='word_1_133' title='bbox 1179 1443 1238 1488; x_wconf 88' lang='lat' dir='ltr'>ita</span> <span class='ocrx_word' id='word_1_134' title='bbox 1277 1444 1363 1489; x_wconf 91' lang='lat' dir='ltr'>sive</span> <span class='ocrx_word' id='word_1_135' title='bbox 1400 1461 1565 1507; x_wconf 85' lang='lat' dir='ltr'>pugnas</span> 
     </span>
     <span class='ocr_line' id='line_1_19' title="bbox 223 1513 1564 1577; baseline 0.001 -19"><span class='ocrx_word' id='word_1_136' title='bbox 223 1514 467 1576; x_wconf 86' lang='lat' dir='ltr'>urbiumque</span> <span class='ocrx_word' id='word_1_137' title='bbox 489 1514 825 1577; x_wconf 85' lang='lat' dir='ltr'>oppugnationes</span> <span class='ocrx_word' id='word_1_138' title='bbox 853 1513 940 1558; x_wconf 89' lang='lat' dir='ltr'>sive</span> <span class='ocrx_word' id='word_1_139' title='bbox 972 1530 1077 1574; x_wconf 89' lang='lat' dir='ltr'>quae</span> <span class='ocrx_word' id='word_1_140' title='bbox 1108 1514 1154 1561; x_wconf 89' lang='lat' dir='ltr'>in</span> <span class='ocrx_word' id='word_1_141' title='bbox 1184 1525 1344 1570; x_wconf 86' lang='lat' dir='ltr'>senatu,</span> <span class='ocrx_word' id='word_1_142' title='bbox 1375 1514 1420 1559; x_wconf 89' lang='lat' dir='ltr'>in</span> <span class='ocrx_word' id='word_1_143' title='bbox 1448 1515 1564 1577; x_wconf 86' lang='lat' dir='ltr'>prin-</span> 
     </span>
    </p>
   </div>
   <div class='ocr_carea' id='block_1_3' title="bbox 223 1583 1653 1648">
    <p class='ocr_par' dir='ltr' id='par_1_3' title="bbox 223 1583 1653 1648">
     <span class='ocr_line' id='line_1_20' title="bbox 223 1583 1653 1648; baseline -0.002 -19"><span class='ocrx_word' id='word_1_144' title='bbox 223 1584 363 1646; x_wconf 88' lang='lat' dir='ltr'>cipum</span> <span class='ocrx_word' id='word_1_145' title='bbox 393 1584 575 1645; x_wconf 86' lang='lat' dir='ltr'>palatiis,</span> <span class='ocrx_word' id='word_1_146' title='bbox 606 1585 651 1629; x_wconf 89' lang='lat' dir='ltr'>in</span> <span class='ocrx_word' id='word_1_147' title='bbox 682 1584 941 1646; x_wconf 76' lang='lat' dir='ltr'>privatorum</span> <span class='ocrx_word' id='word_1_148' title='bbox 973 1583 1167 1628; x_wconf 87' lang='lat' dir='ltr'>domibus</span> <span class='ocrx_word' id='word_1_149' title='bbox 1190 1596 1284 1648; x_wconf 75' lang='lat' dir='ltr'>acta</span> <span class='ocrx_word' id='word_1_150' title='bbox 1309 1584 1405 1641; x_wconf 87' lang='lat' dir='ltr'>sint,</span> <span class='ocrx_word' id='word_1_151' title='bbox 1437 1603 1564 1647; x_wconf 84' lang='lat' dir='ltr'>expo·</span> <span class='ocrx_word' id='word_1_152' title='bbox 1593 1621 1599 1626; x_wconf 87' lang='lat'><strong>.</strong></span> <span class='ocrx_word' id='word_1_153' title='bbox 1632 1596 1653 1612; x_wconf 70' lang='lat'>·&#39;</span> 
     </span>
    </p>
   </div>
   <div class='ocr_carea' id='block_1_4' title="bbox 220 1651 1566 2227">
    <p class='ocr_par' dir='ltr' id='par_1_4' title="bbox 220 1651 1566 2210">
     <span class='ocr_line' id='line_1_21' title="bbox 221 1651 1566 1718; baseline 0.003 -20"><span class='ocrx_word' id='word_1_154' title='bbox 221 1671 347 1710; x_wconf 86' lang='lat' dir='ltr'>nens,</span> <span class='ocrx_word' id='word_1_155' title='bbox 386 1651 529 1699; x_wconf 81' lang='lat' dir='ltr'>vitam</span> <span class='ocrx_word' id='word_1_156' title='bbox 554 1656 695 1718; x_wconf 88' lang='lat' dir='ltr'>ipsam</span> <span class='ocrx_word' id='word_1_157' title='bbox 733 1655 924 1718; x_wconf 86' lang='lat' dir='ltr'>quamvis</span> <span class='ocrx_word' id='word_1_158' title='bbox 966 1654 1126 1699; x_wconf 86' lang='lat' dir='ltr'>variam</span> <span class='ocrx_word' id='word_1_159' title='bbox 1156 1665 1280 1716; x_wconf 83' lang='lat' dir='ltr'>atque</span> <span class='ocrx_word' id='word_1_160' title='bbox 1311 1667 1566 1702; x_wconf 86' lang='lat' dir='ltr'>commotam</span> 
     </span>
     <span class='ocr_line' id='line_1_22' title="bbox 223 1723 1564 1789; baseline 0.003 -20"><span class='ocrx_word' id='word_1_161' title='bbox 223 1723 446 1786; x_wconf 67' lang='lat' dir='ltr'>exprimit,⁴</span> <span class='ocrx_word' id='word_1_162' title='bbox 469 1736 514 1770; x_wconf 89' lang='lat' dir='ltr'>ut</span> <span class='ocrx_word' id='word_1_163' title='bbox 543 1726 686 1770; x_wconf 89' lang='lat' dir='ltr'>omnia</span> <span class='ocrx_word' id='word_1_164' title='bbox 716 1725 797 1770; x_wconf 89' lang='lat' dir='ltr'>ista</span> <span class='ocrx_word' id='word_1_165' title='bbox 827 1725 984 1770; x_wconf 85' lang='lat' dir='ltr'>nostris</span> <span class='ocrx_word' id='word_1_166' title='bbox 1015 1725 1146 1770; x_wconf 91' lang='lat' dir='ltr'>oculis</span> <span class='ocrx_word' id='word_1_167' title='bbox 1179 1726 1399 1788; x_wconf 86' lang='lat' dir='ltr'>adspicere</span> <span class='ocrx_word' id='word_1_168' title='bbox 1427 1726 1564 1789; x_wconf 89' lang='lat' dir='ltr'>iisque</span> 
     </span>
     <span class='ocr_line' id='line_1_23' title="bbox 220 1795 1563 1858; baseline 0.001 -18"><span class='ocrx_word' id='word_1_169' title='bbox 220 1797 302 1857; x_wconf 86' lang='lat' dir='ltr'>ipsi</span> <span class='ocrx_word' id='word_1_170' title='bbox 331 1797 533 1841; x_wconf 88' lang='lat' dir='ltr'>interesse</span> <span class='ocrx_word' id='word_1_171' title='bbox 564 1797 687 1841; x_wconf 87' lang='lat' dir='ltr'>nobis</span> <span class='ocrx_word' id='word_1_172' title='bbox 720 1796 948 1841; x_wconf 89' lang='lat' dir='ltr'>videamur.</span> <span class='ocrx_word' id='word_1_173' title='bbox 1008 1798 1148 1858; x_wconf 85' lang='lat' dir='ltr'>Atque</span> <span class='ocrx_word' id='word_1_174' title='bbox 1178 1795 1258 1840; x_wconf 86' lang='lat' dir='ltr'>has</span> <span class='ocrx_word' id='word_1_175' title='bbox 1290 1807 1428 1842; x_wconf 84' lang='lat' dir='ltr'>tantas</span> <span class='ocrx_word' id='word_1_176' title='bbox 1467 1813 1563 1843; x_wconf 88' lang='lat' dir='ltr'>ora-</span> 
     </span>
     <span class='ocr_line' id='line_1_24' title="bbox 221 1858 1560 1930; baseline 0.001 -19"><span class='ocrx_word' id='word_1_177' title='bbox 221 1867 347 1911; x_wconf 88' lang='lat' dir='ltr'>tionis</span> <span class='ocrx_word' id='word_1_178' title='bbox 370 1858 646 1911; x_wconf 59' lang='lat' dir='ltr'>virtutes⁴non</span> <span class='ocrx_word' id='word_1_179' title='bbox 666 1866 763 1911; x_wconf 86' lang='lat' dir='ltr'>suso</span> <span class='ocrx_word' id='word_1_180' title='bbox 794 1866 960 1929; x_wconf 70' lang='lat' dir='ltr'>alteque</span> <span class='ocrx_word' id='word_1_181' title='bbox 990 1868 1168 1929; x_wconf 84' lang='lat' dir='ltr'>repetito</span> <span class='ocrx_word' id='word_1_182' title='bbox 1201 1867 1364 1929; x_wconf 88' lang='lat' dir='ltr'>dicendi</span> <span class='ocrx_word' id='word_1_183' title='bbox 1393 1871 1560 1930; x_wconf 76' lang='lat' dir='ltr'>genere,</span> 
     </span>
     <span class='ocr_line' id='line_1_25' title="bbox 222 1936 1560 1998; baseline 0.002 -18"><span class='ocrx_word' id='word_1_184' title='bbox 222 1938 300 1981; x_wconf 86' lang='lat' dir='ltr'>sed</span> <span class='ocrx_word' id='word_1_185' title='bbox 331 1953 493 1981; x_wconf 88' lang='lat' dir='ltr'>summa</span> <span class='ocrx_word' id='word_1_186' title='bbox 523 1936 628 1980; x_wconf 88' lang='lat' dir='ltr'>nihil</span> <span class='ocrx_word' id='word_1_187' title='bbox 658 1937 742 1980; x_wconf 90' lang='lat' dir='ltr'>nisi</span> <span class='ocrx_word' id='word_1_188' title='bbox 770 1937 901 1998; x_wconf 88' lang='lat' dir='ltr'>ipsius</span> <span class='ocrx_word' id='word_1_189' title='bbox 932 1937 1089 1997; x_wconf 88' lang='lat' dir='ltr'>ingenii</span> <span class='ocrx_word' id='word_1_190' title='bbox 1121 1937 1385 1997; x_wconf 87' lang='lat' dir='ltr'>quantumvis</span> <span class='ocrx_word' id='word_1_191' title='bbox 1415 1955 1560 1983; x_wconf 89' lang='lat' dir='ltr'>recon-</span> 
     </span>
     <span class='ocr_line' id='line_1_26' title="bbox 220 2003 1561 2067; baseline 0.003 -16"><span class='ocrx_word' id='word_1_192' title='bbox 220 2007 295 2051; x_wconf 87' lang='lat' dir='ltr'>diti</span> <span class='ocrx_word' id='word_1_193' title='bbox 330 2003 557 2067; x_wconf 81' lang='lat' dir='ltr'>imaginem</span> <span class='ocrx_word' id='word_1_194' title='bbox 591 2006 790 2051; x_wconf 87' lang='lat' dir='ltr'>reddente</span> <span class='ocrx_word' id='word_1_195' title='bbox 823 2006 1026 2052; x_wconf 81' lang='lat' dir='ltr'>brevitate</span> <span class='ocrx_word' id='word_1_196' title='bbox 1069 2008 1288 2051; x_wconf 90' lang='lat' dir='ltr'>adsecutus</span> <span class='ocrx_word' id='word_1_197' title='bbox 1332 2018 1410 2053; x_wconf 85' lang='lat' dir='ltr'>est.</span> <span class='ocrx_word' id='word_1_198' title='bbox 1470 2008 1561 2055; x_wconf 85' lang='lat' dir='ltr'>Vix</span> 
     </span>
     <span class='ocr_line' id='line_1_27' title="bbox 220 2077 1560 2156; baseline 0.001 -34"><span class='ocrx_word' id='word_1_199' title='bbox 220 2094 270 2122; x_wconf 86' lang='lat' dir='ltr'>ea</span> <span class='ocrx_word' id='word_1_200' title='bbox 308 2078 436 2122; x_wconf 90' lang='lat' dir='ltr'>verba</span> <span class='ocrx_word' id='word_1_201' title='bbox 475 2094 568 2122; x_wconf 91' lang='lat' dir='ltr'>esse</span> <span class='ocrx_word' id='word_1_202' title='bbox 609 2077 859 2132; x_wconf 86' lang='lat' dir='ltr'>credideris,</span> <span class='ocrx_word' id='word_1_203' title='bbox 890 2089 1020 2156; x_wconf 64' lang='lat' dir='ltr'><strong>..quae</strong></span> <span class='ocrx_word' id='word_1_204' title='bbox 1034 2077 1157 2121; x_wconf 84' lang='lat' dir='ltr'>rebus</span> <span class='ocrx_word' id='word_1_205' title='bbox 1190 2077 1459 2139; x_wconf 88' lang='lat' dir='ltr'>sensibusque</span> <span class='ocrx_word' id='word_1_206' title='bbox 1489 2097 1560 2124; x_wconf 83' lang='lat' dir='ltr'>ex-</span> 
     </span>
     <span class='ocr_line' id='line_1_28' title="bbox 220 2147 1558 2227; baseline 0.002 -36"><span class='ocrx_word' id='word_1_207' title='bbox 220 2148 450 2227; x_wconf 78' lang='lat' dir='ltr'>primendis</span> <span class='ocrx_word' id='word_1_208' title='bbox 481 2148 731 2202; x_wconf 84' lang='lat' dir='ltr'>inserviant,</span> <span class='ocrx_word' id='word_1_209' title='bbox 773 2148 849 2191; x_wconf 89' lang='lat' dir='ltr'>sed</span> <span class='ocrx_word' id='word_1_210' title='bbox 887 2147 980 2208; x_wconf 86' lang='lat' dir='ltr'>ipsa</span> <span class='ocrx_word' id='word_1_211' title='bbox 1008 2147 1165 2208; x_wconf 83' lang='lat' dir='ltr'>ingenii</span> <span class='ocrx_word' id='word_1_212' title='bbox 1194 2148 1376 2212; x_wconf 78' lang='lat' dir='ltr'>lumina,</span> <span class='ocrx_word' id='word_1_213' title='bbox 1412 2166 1558 2196; x_wconf 89' lang='lat' dir='ltr'>omnes</span> 
     </span>
    </p>
   </div>
   <div class='ocr_carea' id='block_1_5' title="bbox 219 2218 1637 2279">
    <p class='ocr_par' dir='ltr' id='par_1_5' title="bbox 219 2218 1637 2279">
     <span class='ocr_line' id='line_1_29' title="bbox 219 2218 1637 2279; baseline 0.003 -16"><span class='ocrx_word' id='word_1_214' title='bbox 219 2218 286 2263; x_wconf 88' lang='lat' dir='ltr'>vel</span> <span class='ocrx_word' id='word_1_215' title='bbox 324 2218 493 2262; x_wconf 88' lang='lat' dir='ltr'>intimos</span> <span class='ocrx_word' id='word_1_216' title='bbox 531 2219 687 2264; x_wconf 91' lang='lat' dir='ltr'>concisi</span> <span class='ocrx_word' id='word_1_217' title='bbox 723 2218 970 2279; x_wconf 87' lang='lat' dir='ltr'>abruptique</span> <span class='ocrx_word' id='word_1_218' title='bbox 1007 2234 1310 2279; x_wconf 89' lang='lat' dir='ltr'>nonnunquam</span> <span class='ocrx_word' id='word_1_219' title='bbox 1350 2221 1558 2269; x_wconf 88' lang='lat' dir='ltr'>sermonis</span> <span class='ocrx_word' id='word_1_220' title='bbox 1609 2266 1637 2278; x_wconf 54' lang='lat'><em>„</em></span> 
     </span>
    </p>
   </div>
   <div class='ocr_carea' id='block_1_6' title="bbox 208 2286 1576 2618">
    <p class='ocr_par' dir='ltr' id='par_1_6' title="bbox 208 2286 1576 2562">
     <span class='ocr_line' id='line_1_30' title="bbox 217 2286 1560 2348; baseline 0.001 -15"><span class='ocrx_word' id='word_1_221' title='bbox 217 2305 405 2334; x_wconf 87' lang='lat' dir='ltr'>recessus</span> <span class='ocrx_word' id='word_1_222' title='bbox 438 2287 739 2334; x_wconf 86' lang='lat' dir='ltr'>collustrantia.</span> <span class='ocrx_word' id='word_1_223' title='bbox 775 2330 777 2332; x_wconf 79' lang='grc'>,</span> <span class='ocrx_word' id='word_1_224' title='bbox 799 2287 930 2332; x_wconf 88' lang='lat' dir='ltr'>Recte</span> <span class='ocrx_word' id='word_1_225' title='bbox 961 2288 1086 2348; x_wconf 88' lang='lat' dir='ltr'>igitur</span> <span class='ocrx_word' id='word_1_226' title='bbox 1105 2288 1298 2341; x_wconf 85' lang='lat' dir='ltr'>Muretus</span> <span class='ocrx_word' id='word_1_227' title='bbox 1316 2295 1354 2342; x_wconf 83' lang='lat'>1)</span> <span class='ocrx_word' id='word_1_228' title='bbox 1375 2286 1560 2336; x_wconf 58' lang='lat' dir='ltr'>snullz&#39;cm</span> 
     </span>
     <span class='ocr_line' id='line_1_31' title="bbox 208 2352 1559 2419; baseline 0.003 -17"><span class='ocrx_word' id='word_1_229' title='bbox 208 2375 417 2419; x_wconf 33' lang='lat' dir='ltr'>*unquam</span> <span class='ocrx_word' id='word_1_230' title='bbox 446 2359 715 2416; x_wconf 81' lang='lat' dir='ltr'>scriptorem</span> <span class='ocrx_word' id='word_1_231' title='bbox 745 2358 803 2402; x_wconf 87' lang='lat' dir='ltr'>ait</span> <span class='ocrx_word' id='word_1_232' title='bbox 827 2352 1175 2417; x_wconf 67' lang='lat' dir='ltr'>prudentiorem</span> <span class='ocrx_word' id='word_1_233' title='bbox 1207 2376 1264 2403; x_wconf 85' lang='lat' dir='ltr'>ac</span> <span class='ocrx_word' id='word_1_234' title='bbox 1295 2361 1559 2407; x_wconf 51' lang='lat' dir='ltr'>consider&amp;</span> 
     </span>
     <span class='ocr_line' id='line_1_32' title="bbox 219 2429 1576 2491; baseline 0.003 -18"><span class='ocrx_word' id='word_1_235' title='bbox 219 2430 382 2473; x_wconf 80' lang='lat' dir='ltr'>tiorem</span> <span class='ocrx_word' id='word_1_236' title='bbox 385 2430 558 2489; x_wconf 78' lang='lat' dir='ltr'>juisse,</span> <span class='ocrx_word' id='word_1_237' title='bbox 591 2429 762 2472; x_wconf 80' lang='lat' dir='ltr'>siccam</span> <span class='ocrx_word' id='word_1_238' title='bbox 793 2436 839 2472; x_wconf 82' lang='lat' dir='ltr'>et</span> <span class='ocrx_word' id='word_1_239' title='bbox 865 2429 1069 2473; x_wconf 78' lang='lat' dir='ltr'>sobriam</span> <span class='ocrx_word' id='word_1_240' title='bbox 1100 2446 1201 2473; x_wconf 83' lang='lat' dir='ltr'>esse</span> <span class='ocrx_word' id='word_1_241' title='bbox 1230 2431 1352 2475; x_wconf 77' lang='lat' dir='ltr'>illius</span> <span class='ocrx_word' id='word_1_242' title='bbox 1384 2430 1576 2491; x_wconf 47' lang='lat' dir='ltr'>oratiof</span> 
     </span>
     <span class='ocr_line' id='line_1_33' title="bbox 218 2499 1558 2562; baseline 0.002 -18"><span class='ocrx_word' id='word_1_243' title='bbox 218 2516 333 2555; x_wconf 87' lang='lat' dir='ltr'>nem,</span> <span class='ocrx_word' id='word_1_244' title='bbox 366 2500 642 2562; x_wconf 67' lang='lat' dir='ltr'>adstrictam</span> <span class='ocrx_word' id='word_1_245' title='bbox 675 2499 835 2554; x_wconf 71' lang='lat' dir='ltr'>verbis,</span> <span class='ocrx_word' id='word_1_246' title='bbox 867 2499 1058 2545; x_wconf 83' lang='lat' dir='ltr'>densam</span> <span class='ocrx_word' id='word_1_247' title='bbox 1087 2502 1323 2558; x_wconf 80' lang='lat' dir='ltr'>sententis,</span> <span class='ocrx_word' id='word_1_248' title='bbox 1364 2501 1478 2547; x_wconf 77' lang='lat' dir='ltr'><em>nihil</em></span> <span class='ocrx_word' id='word_1_249' title='bbox 1509 2502 1558 2547; x_wconf 80' lang='lat' dir='ltr'>in</span> 
     </span>
    </p>

    <p class='ocr_par' dir='ltr' id='par_1_7' title="bbox 1500 2588 1558 2618">
     <span class='ocr_line' id='line_1_34' title="bbox 1500 2588 1558 2618; baseline 0 0"><span class='ocrx_word' id='word_1_250' title='bbox 1500 2588 1558 2618; x_wconf 83' lang='lat' dir='ltr'>ea</span> 
     </span>
    </p>
   </div>
   <div class='ocr_carea' id='block_1_7' title="bbox 249 2714 558 2760">
    <p class='ocr_par' dir='ltr' id='par_1_8' title="bbox 249 2714 558 2760">
     <span class='ocr_line' id='line_1_35' title="bbox 249 2714 558 2760; baseline 0.006 -12"><span class='ocrx_word' id='word_1_251' title='bbox 249 2714 283 2760; x_wconf 88' lang='lat'>¹)</span> <span class='ocrx_word' id='word_1_252' title='bbox 310 2714 411 2749; x_wconf 77' lang='lat' dir='ltr'>Orat.</span> <span class='ocrx_word' id='word_1_253' title='bbox 438 2718 472 2758; x_wconf 86' lang='lat'>2,</span> <span class='ocrx_word' id='word_1_254' title='bbox 501 2719 558 2752; x_wconf 82' lang='lat'>13.</span> 
     </span>
    </p>
   </div>
  </div>
 </body>
</html>
