1702 2982
248 245 296 279 lv
454 291 455 298 ἵ
658 266 663 267 ⁷
758 228 1093 275 Praefatio

254 337 712 414 ⁴vituperandumesse
740 343 923 405 videtur,
966 348 1080 410 quod
1109 346 1239 392 nullis
1270 332 1410 410 ¹saepe
1451 338 1603 406 finibus

255 435 379 481 certis
412 432 642 495 propositis
672 449 809 493 neque
852 431 1115 476 satisfaciunt
1148 430 1250 475 viris
1291 432 1425 476 doctis
1463 441 1504 476 et
1538 431 1605 477 ni-

255 519 336 563 mis
369 516 501 561 multa
530 531 674 559 rursus
708 514 876 558 tradunt
915 524 1040 575 atque
1081 513 1310 558 obtrudunt
1345 514 1466 576 quasi
1502 515 1604 559 tiro·
1637 506 1639 513 X

256 601 405 652 nibus3
447 609 536 643 tum
574 597 618 642 id
657 613 822 658 quoque
858 595 972 641 haud
1014 595 1106 640 leve
1147 613 1292 640 eorum
1328 596 1474 641 vitium
1515 614 1606 643 esse

257 681 504 743 censuerim,
536 682 647 742 quod
679 679 813 724 fusius
847 679 1057 740 quaedam
1087 689 1313 740 exponunt,
1355 679 1545 724 maxime·
1564 680 1610 724 in

261 765 452 811 doctrina
485 763 535 808 de
567 761 802 824 partic11liS‚
846 778 952 820 quae
993 779 1086 806 cum
1122 762 1260 806 minus
1300 762 1357 806 ad
1395 763 1608 824 composi²

258 849 417 894 tionem
457 863 583 908 quam
624 843 973 906 significationem
1012 844 1238 889 verborum
1275 844 1530 906 pertineant,'
1555 844 1612 905 ‘in

261 931 394 976 lexica
433 928 699 974 amandanda
738 943 830 972 esse
868 927 1110 980 videantt1r3
1154 937 1373 988 praeterea
1410 943 1532 982 vero,
1567 914 1615 972 ut

226 1064 229 1065 ⁷
262 1025 401 1059 cetera
431 1012 637 1066 omittam,
659 1012 729 1066 lin„
754 995 804 1054 eo
834 1019 1014 1072 peccant
1051 1009 1328 1069 grammatici,
1371 1010 1488 1071 quod
1527 1025 1614 1054 non

262 1095 400 1140 solum
430 1093 700 1157 potissimum
742 1092 960 1169 latinitatis
993 1102 1204 1137 auctorem
1236 1100 1463 1154 sequuntur
1491 1091 1614 1138 Cice-

262 1195 424 1231 ronem,
466 1177 512 1221 id
543 1175 653 1220 enim
685 1191 810 1219 nemo
843 1174 1040 1237 cuiquam
1069 1174 1171 1218 vitio
1191 1174 1386 1230 *verteriss
1430 1176 1520 1230 sed,
1560 1173 1615 1220 ab

262 1277 347 1305 uno
388 1259 464 1304 illo
502 1258 642 1302 omnia
681 1268 933 1320 repetentes,
977 1268 1211 1302 ceterorum
1252 1251 1324 1302 aut
1353 1257 1515 1302 nullam
1546 1268 1617 1303 aut

264 1342 443 1388 strictim
484 1352 648 1386 tantum
688 1351 729 1384 et
770 1340 884 1385 velut
923 1340 968 1384 in
1008 1350 1251 1385 transcursu
1291 1341 1499 1386 rationem
1539 1339 1615 1404 ha&-

263 1426 365 1471 bent
385 1427 440 1478 *).
473 1423 630 1469 Lexica
661 1433 813 1478 autem,
844 1440 898 1467 ne
918 1421 1083 1484 reliqua
1103 1423 1231 1468 etiam
1259 1423 1477 1484 attingam,
1510 1439 1618 1487 quae

264 1509 307 1552 in
338 1508 389 1552 iis
422 1507 652 1561 desideres,
695 1523 745 1550 eo
775 1506 958 1551 maxime
1000 1505 1103 1550 vitio
1143 1505 1371 1560 laborantf
1393 1506 1507 1567 quod
1544 1522 1617 1550 ne-

218 1618 221 1622 2
266 1604 346 1653 que
380 1583 568 1634 omnium
599 1589 771 1633 omnino
804 1589 1057 1650 scriptorum
1087 1604 1208 1632 usum
1240 1587 1343 1632 satis
1378 1588 1618 1644 observant,

267 1668 402 1734 neque
443 1672 571 1716 etiam
610 1672 691 1716 sibi
736 1682 934 1716 constant
977 1671 1023 1715 in
1069 1669 1331 1731 singulorum
1374 1671 1621 1715 auctorit-ate

267 1755 558 1817 respicienda,
604 1755 733 1799 modo
772 1753 919 1814 hujuS,
967 1753 1096 1798 modo
1140 1752 1251 1813 illius
1291 1740 1485 1815 exempla
1521 1753 1621 1798 dum
1662 1799 1664 1803 ,
1695 1810 1697 1812 q

267 1855 370 1900 prae
402 1838 549 1883 ceteris
587 1837 762 1882 laudant
799 1837 1078 1891 omittuntve,
1099 1851 1150 1880 eo
1189 1835 1317 1880 etiam
1352 1835 1522 1880 nomine
1561 1835 1620 1880 vi-

269 1921 519 1983 tuperanda,
562 1920 675 1981 quod
705 1935 792 1963 non
825 1916 1020 1963 omnibus
1060 1916 1359 1971 vocabulorum
1401 1916 1622 1978 generibus

268 2003 449 2048 eandem
493 2018 637 2047 curam
681 2002 883 2055 tribuunt,
929 2001 974 2045 in
1014 1998 1314 2061 particularum
1354 1987 1623 2062 potissimum

268 2085 518 2131 tractatione
536 2101 699 2129 ·manca
729 2100 779 2129 ac
809 2082 987 2128 debilia.'

391 2168 517 2226 Quae
556 2185 650 2213 cum
686 2168 747 2211 ita
785 2166 888 2219 sint,
928 2165 1008 2211 hoc
1044 2167 1228 2228 primum
1264 2172 1459 2231 appare&
1493 2163 1623 2210 aliam

269 2266 361 2295 esse
394 2250 545 2295 debere
587 2259 733 2294 eorum
773 2249 1001 2303 rationem,
1044 2249 1116 2309 qui
1151 2247 1380 2309 juventutis
1417 2249 1463 2292 in
1499 2263 1635 2292 usum·

269 2332 452 2378 studium
483 2349 605 2378 suum
636 2333 690 2376 ad
720 2327 802 2376 hasv
830 2348 898 2376 res
929 2330 1162 2394 applicant,
1203 2329 1332 2375 aliam
1361 2346 1520 2384 eorum,
1549 2329 1623 2389 qui

367 2508 408 2555 *)
443 2508 544 2545 Vide
579 2522 678 2559 quae
712 2509 871 2557 Quintil.
887 2515 944 2556 10,
958 2515 993 2554 2,
1008 2514 1054 2547 25
1069 2520 1154 2558 sqq.
1194 2514 1327 2545 contra
1354 2505 1621 2556 pravissimam

270 2568 371 2608 hanc
402 2567 590 2604 rationem
619 2576 769 2614 monet,
811 2582 833 2605 e
865 2569 1007 2624 quibus
1042 2569 1136 2620 haeo
1173 2574 1323 2604 tantum
1355 2566 1620 2615 excerpimus:

270 2638 359 2662 cum
385 2633 506 2663 totum
531 2630 747 2676 exprimere
771 2642 881 2675 quem
913 2629 1064 2676 elegeris
1087 2638 1212 2675 paene
1236 2627 1286 2663 sit
1309 2626 1460 2676 homini
1482 2625 1620 2662 incon*

269 2695 432 2730 cessum,
457 2689 624 2733 plurium
651 2687 751 2723 bona
774 2700 965 2735 ponamus
989 2694 1077 2723 ante
1102 2687 1240 2732 oculos,
1266 2693 1308 2723 ut
1332 2682 1446 2724 aliud
1469 2697 1521 2723 ex
1543 2685 1619 2721 alio

266 2744 432 2790 haereat,
458 2753 493 2782 et
515 2747 619 2794 quod
642 2750 775 2795 cuique
798 2749 878 2785 loco
904 2749 1114 2793 conveniat,
1140 2753 1326 2794 aptemus.
