1702 2982
150 191 202 257 de
226 188 372 235 ceteris
394 184 535 233 Taciti
555 185 599 231 in
621 183 918 247 componenda
937 180 1037 228 hist.
1059 182 1296 235 virtutihus,
1329 191 1466 226 XXVII

97 308 252 355 ’Studio
283 305 474 368 insignis,
509 303 779 359 Christianis,
811 317 940 348 causa
971 305 1116 347 eorum
1156 294 1466 359 accuratissime

112 389 385 444 pertractata,
417 376 562 438 objicit
592 374 1007 436 „superstitionem
1022 389 1224 432 pravam
1245 381 1290 418 et
1311 363 1468 417 immo-

115 452 312 513 dicam‘f
333 459 375 494 et
404 447 739 508 „inflexibilem
760 445 1225 499 obstinationem1)‚“
1258 445 1356 506 quid
1378 454 1469 489 tan-

88 584 92 590 Α
116 524 213 570 dem
245 520 444 566 Tacitum
473 518 519 563 in
547 518 751 564 invidiam
783 517 1053 572 adducimus,
1085 515 1143 571 si,
1184 515 1308 560 amici
1337 515 1471 576 potis-

92 594 271 659 &simum
302 591 458 653 judicio
488 593 620 636 fretus
652 600 693 635 et
730 589 836 635 nihil
880 605 1031 634 curans
1063 585 1260 632 Philonis
1304 601 1352 631 ac
1393 586 1471 631 Jo-

117 663 239 727 sephi
269 661 402 708 libros
415 669 487 718 ²)‚1
515 673 554 707 et
584 662 676 726 ipse
708 660 963 706 exitiabilem
984 657 1175 722 adpellat
1208 656 1472 703 Christiano-

116 753 212 785 rum
265 733 638 797 superstitionem?
686 733 887 778 Ceterum
935 731 979 776 in
1024 730 1090 775 his
1135 730 1319 791 quoque'
1348 728 1473 789 rebus

117 824 327 853 summum
356 805 497 868 prodit
527 803 717 851 veritatis
748 820 950 858 amorem,
989 817 1206 864 nunquam
1237 799 1355 862 vulgi
1386 799 1478 862 opi·

122 878 251 925 nione
282 887 324 922 et
354 876 523 923 incertis
555 875 794 922 rumoribus
827 874 872 919 in
907 873 1090 919 studium
1131 872 1322 933 iramque
1356 871 1476 916 abre—

118 961 230 1014 ptus.
277 948 544 994 Christianos
574 964 663 992 non
692 945 845 990 liberat
875 944 1011 999 solum
1043 942 1215 990 crimine
1246 959 1272 1004 a
1303 940 1478 987 Nerone

119 1021 377 1077 insimulato,
419 1020 496 1066 sed
527 1019 752 1064 miseratur
782 1017 910 1062 etiam
942 1015 1238 1061 saevissimum
1272 1014 1386 1075 quod
1414 1014 1477 1058 in-

124 1105 270 1140 sontes
302 1089 495 1155 perpessi
526 1089 612 1134 sint
643 1089 937 1152 supplicium„
970 1086 1106 1142 ‘Haud
1137 1086 1345 1130 immerito
1387 1084 1477 1146 qui-

123 1166 220 1211 dem
240 1164 427 1211 Judaeos
459 1161 887 1224 „projectissimam
919 1159 994 1204 ad¹
1012 1157 1241 1202 libidinem
1269 1155 1480 1217 gentem“

120 1247 260 1292 vocat,
291 1246 332 1281 et
351 1249 550 1294 magnam
573 1250 676 1284 sane
696 1242 862 1295 partem
882 1230 1110 1276 rectissime
1141 1228 1482 1284 ,‚Judae0rum,

124 1307 273 1370 inquit,
306 1321 404 1350 mos
429 1305 661 1349 absurdus
694 1303 1049 1363 sordidusqzte‚“
1081 1301 1158 1346 sed
1179 1308 1483 1345 commemorat

124 1379 252 1426 etiam
285 1393 406 1423 veras
438 1393 584 1423 eorum
617 1376 668 1421 de
699 1375 868 1420 numine
901 1374 1044 1418 divino
1077 1371 1337 1433 cognitiones
1369 1369 1481 1426 „Ju-

128 1450 239 1495 daei
271 1456 423 1494 mente
463 1448 568 1493 sola
605 1462 831 1507 unumque
868 1461 1035 1490 numen
1064 1443 1346 1502 intellegunt:
1372 1456 1482 1499 pro-

110 1522 266 1584 fanos
310 1521 391 1583 qui
429 1520 563 1564 deum
606 1518 827 1579 imagines
874 1508 1151 1561 mortalibus
1196 1512 1399 1557 materiis
1438 1511 1484 1554 in

129 1593 304 1653 species
335 1582 566 1636 h'oininum
598 1589 842 1651 ffngan&
875 1603 1101 1632 summum
1131 1585 1248 1629 illud
1267 1590 1314 1628 et
1336 1589 1485 1626 aeter-

130 1681 237 1709 num
267 1679 410 1724 neque
440 1657 660 1706 mutabile
683 1651 833 1721 vneque
853 1658 1167 1708 interiturum,·
1199 1655 1338 1715 igitur
1359 1652 1488 1697 nulla

131 1735 387 1781 simulacra
418 1732 606 1778 urbibus
638 1731 748 1786 suis,
781 1730 948 1775 nedum
978 1728 1159 1788 templis
1192 1726 1451 1776 sinunt3).“

164 1905 199 1951 Ι)
223 1903 321 1940 Plin.
347 1903 417 1949 Ep.
447 1907 503 1944 10,
529 1905 588 1942 97.

161 1964 196 2011 ²)
223 1965 410 1999 Accurate
442 1961 542 1996 hanc
577 1971 660 1995 rem
693 1965 914 2007 persecutus
946 1963 1003 1994 est
1038 1955 1176 1993 Christ.
1207 1953 1409 1989 Wormius
1448 1951 1491 1987 in*

227 2020 424 2068 Corruptis
469 2019 679 2069 Antiquitt.
720 2018 807 2054 Ebr.
858 2017 962 2065 apud
1010 2015 1189 2052 Tacitum
1236 2020 1274 2048 et
1324 2012 1488 2048 Martial.

227 2080 398 2129 vestigiis
430 2081 544 2116 Hafn.
578 2081 683 2121 1693.
733 2077 933 2114 Meierotto
971 2077 1017 2112 de
1049 2073 1185 2110 fontib.
1217 2075 1262 2108 T.
1291 2085 1327 2119 p.
1355 2073 1377 2109 6
1408 2084 1491 2120 sqq.

230 2139 437 2188 exprobrat
467 2139 602 2175 Tacito
637 2150 717 2174 non
747 2140 873 2174 solum
905 2137 1010 2185 quod
1041 2134 1253 2181 Josephum
1278 2132 1319 2167 in·
1344 2130 1496 2169 Flavia-,

230 2212 326 2236 num
350 2211 493 2235 nomen
518 2199 705 2239 adscitum
741 2210 864 2246 eoque
899 2195 1146 2232 notissimum
1159 2191 1339 2230 Romanis
1365 2191 1497 2237 negle-

231 2260 346 2305 xerit,
374 2259 440 2294 sed
465 2258 568 2306 quod
595 2270 644 2293 ne
670 2260 778 2292 LXX
803 2257 961 2306 quidem
985 2254 1173 2290 rationem
1198 2250 1385 2293 habuerit,
1421 2253 1496 2299 Ro7

233 2331 320 2357 mae
353 2319 395 2354 in
427 2317 629 2366 synagogis
668 2317 771 2353 haud
803 2315 920 2351 dubie
958 2314 1174 2350 obviorum.
1234 2309 1308 2346 Sed
1348 2310 1381 2345 si
1418 2320 1495 2357 quo

236 2379 395 2416 omnino
420 2383 642 2424 contemptu
672 2375 919 2413 tractaverint
942 2373 1104 2410 Romani
1131 2372 1294 2407 Judaeos
1321 2375 1356 2404 et
1381 2379 1498 2416 quam

234 2438 331 2475 vilia
355 2436 559 2473 habuerint
583 2436 711 2472 omnia
736 2449 834 2486 quae
864 2435 911 2470 ad
937 2432 1244 2480 superstitionem
1273 2429 1385 2464 istam
1410 2439 1498 2473 per-

237 2498 413 2540 tinerent,
439 2503 674 2543 reputamus,
698 2496 859 2532 eandem
885 2500 983 2530 certe
1008 2492 1124 2538 hujus
1151 2489 1320 2526 incuriae
1344 2485 1501 2522 veniam

237 2557 285 2593 iis
310 2556 534 2600 tribuemus,
561 2568 637 2604 qua
661 2569 725 2592 eos
751 2556 793 2591 in
816 2554 931 2590 rebus
958 2547 1335 2600 Carthaginiensibus
1358 2540 1501 2594 'perpe-

241 2629 323 2652 ram
349 2615 566 2661 dijudicatis
592 2615 729 2663 dignos
757 2621 961 2662 putamuss

177 2678 212 2721 3)
239 2676 293 2713 Cf.
321 2687 420 2724 quae
445 2674 640 2714 verissime
667 2675 708 2711 in
736 2676 839 2710 hanc
863 2685 944 2710 rem
969 2672 1140 2719 disputat
1164 2670 1323 2705 Siivern.
1355 2664 1434 2701 lz‘l.
1453 2677 1499 2711 *p-

170 2774 185 2789 ἱ,
248 2740 328 2773 135.

513 2769 538 2778 a
