1702 2982
887 151 904 167 N

211 247 298 300 278
582 244 881 296 Insatiabiliter
911 277 968 285 —
998 249 1196 296 Insistere

214 365 369 399 inritum
394 364 692 411 revolvebatur),-
718 362 753 408 4,
769 370 815 402 32
827 366 888 400 ille
911 371 952 400 ut
977 366 1111 400 inritus
1136 363 1333 411 legationis
1358 360 1470 397 rediit
1494 359 1572 406 (ita

216 421 355 467 Vellei.
381 421 494 458 habet
518 425 644 459 irritus
669 425 826 466 consilii,
855 422 1005 459 Curtius
1029 425 1158 458 irritus
1181 424 1273 470 spei,
1299 419 1419 460 Silina
1441 418 1571 454 irritioe

216 482 385 527 incepti),
414 493 519 516 more
546 481 694 528 poetico
721 481 769 516 ad
794 480 896 527 ipsos
929 480 1104 520 homiues
1129 466 1305 523 refertur(
1333 485 1370 514 et
1402 477 1457 514 sic
1480 481 1571 526 pas-

219 538 314 574 sim:
349 541 449 574 Ann.
466 545 497 584 1,
511 545 557 581 59
583 540 736 587 quando
749 558 796 565 -—-
810 541 943 573 inritus
968 539 1182 574 discesserit
1205 539 1267 573 ille
1287 540 1386 583 inter
1403 535 1571 572 'numina

221 597 370 632 dicatus
397 602 612 645 Augustus,·
644 602 734 643 3,21
764 598 915 631 inritum
931 596 1155 644 fessamque
1180 600 1395 632 Romanum
1419 596 1573 642 impune

221 654 517 699 ludificabatur,-
553 661 607 698 15,
626 660 645 696 7
672 662 852 690 revertere
876 657 978 690 inriti
987 670 998 699 ;
1031 667 1092 702 cp.
1107 659 1152 691 25
1179 655 1293 688 inriti
1316 653 1574 695 remittuntur,-

221 712 429 757 Hist.2,22
459 727 506 749 ne
530 716 667 749 inritus
697 713 783 759 (alii
809 715 880 760 leg.
906 714 1063 759 inrisus)
1101 724 1150 747 ac
1181 723 1305 747 vanus
1336 710 1470 747 iisdem
1506 722 1576 746 ca·-

221 773 310 806 stris
339 773 549 816 adsideret,-
580 777 614 816 3,
630 777 675 809 20
707 773 812 807 inriti
845 770 1041 813 stabimus,
1081 769 1320 806 altitudinem
1354 771 1515 814 turrium
1539 773 1575 804 et

222 831 350 865 aliena
375 833 608 866 munimenta
633 833 859 873 mirantes?;
891 829 1020 876 Agric.
1034 834 1080 866 22
1106 830 1228 864 inritis
1259 827 1429 864 hostibus
1462 821 1594 875 eoqui‘

225 887 523 935 desperantibus.

316 949 593 995 {NRUMPERE
623 959 661 983 v.
687 953 899 983 accusat.

319 1017 719 1052 INSATIABILITER
754 1018 933 1060 (Lucret.,
965 1015 1063 1050 Plin.
1092 1015 1210 1060 min.3
1242 1013 1438 1058 Ammian.
1463 1011 1578 1048 etiam

227 1072 465 1111 substantivo
500 1074 632 1118 utitur,
665 1072 854 1118 adjectivo
883 1086 1002 1120 paene
1028 1072 1176 1119 omnes)
1210 1071 1427 1116 Ann.l1,38
1458 1081 1578 1106 unum

225 1132 513 1168 insatiabiliter*
521 1132 754 1179 parandum,
775 1144 997 1179 prosperam
1024 1134 1083 1167 sui
1107 1133 1341 1167 memoriam.
1558 1140 1563 1142 ”

326 1203 649 1238 INSENESCERE
674 1213 753 1237 vox
779 1201 927 1247 poetica
953 1200 999 1235 ab
1025 1212 1102 1249 arg.
1129 1207 1252 1236 aetate
1275 1205 1426 1250 recepta
1451 1197 1493 1234 in
1517 1209 1580 1234 so-

226 1260 296 1295 lut.
325 1266 419 1295 orat.
433 1261 538 1295 Ann.
552 1258 587 1304 4,
602 1260 624 1296 6
650 1271 736 1295 cum
762 1260 929 1308 plerique
952 1259 1085 1295 iisdem
1109 1260 1270 1307 negotiis
1296 1256 1579 1292 iiisenescerent.

323 1330 552 1378 INSERQRE
588 1329 631 1372 1)
665 1328 689 1363 i.
705 1341 741 1377 q.
774 1327 1058 1374 admiscere,
1099 1328 1358 1363 adnectere
1386 1326 1580 1370 Ann.6‚2

231 1386 324 1422 dum
349 1387 619 1434 ignobilitatem
645 1399 754 1421 suam
781 1389 934 1434 magnis
959 1385 1173 1421 nominibus
1198 1385 1351 1424 inser-iu
1374 1383 1472 1422 Hist.
1489 1388 1582 1428 1,23

227 1446 423 1481 inserendo
455 1447 606 1492 saepius
638 1446 807 1492 querelas
835 1452 868 1480 et
900 1443 1101 1491 ambiguos
1137 1443 1183 1479 de
1219 1441 1344 1479 Galba
1374 1453 1583 1485 sermones,-

228 1503 327 1539 Dial.
342 1508 387 1542 25
425 1510 622 1551 supersunt
658 1505 788 1551 aliqua
825 1504 987 1550 epistolis
1025 1514 1152 1536 eorum
1191 1503 1343 1537 inserta.
1406 1499 1462 1536 Cf.
1495 1499 1581 1535 Liv.

230 1566 290 1605 35,
309 1566 350 1602 17
379 1562 471 1598 dum
496 1576 586 1598 suas
613 1565 765 1610 quisque
790 1574 894 1597 nunc
928 1562 1094 1607 querelas
1127 1572 1229 1595 nunc
1261 1560 1584 1607 expostulatiortes

229 1620 372 1656 inserit.
421 1620 568 1656 Similia
594 1619 778 1656 exhibent
809 1620 887 1655 alii.
937 1622 981 1665 2)
1003 1631 1050 1655 se
1084 1618 1298 1653 inserere
1330 1629 1436 1653 more
1467 1622 1583 1664 poet„
1632 1656 1635 1658 ,
1672 1651 1686 1662 ,

232 1689 254 1711 a
279 1679 367 1713 Val.
393 1680 501 1713 Max.
537 1679 650 1714 eliam
683 1685 836 1725 recepto
868 1677 894 1712 i.
921 1690 958 1725 q.
994 1689 1040 1712 se
1072 1675 1346 1711 immiscere
1378 1674 1524 1720 Hisnz,
1539 1679 1586 1716 19

231 1735 476 1771 inserentibus
502 1750 548 1771 se
579 1736 855 1771 centurionibus
892 1735 1122 1781 tribunisque
1162 1734 1313 1788 laudari
1342 1732 1585 1780 providentia
1643 1725 1646 1728 ‚

234 1793 342 1829 ducis
351 1810 363 1837 ‚-
395 1805 454 1841 cp.
469 1795 511 1831 61
540 1797 638 1830 inter
660 1807 888 1841 magnorum
916 1796 1083 1829 virorum
1119 1791 1339 1827 discrimina
1364 1811 1413 1818 —
1436 1792 1588 1827 Maric-

234 1863 302 1888 cus
329 1853 484 1898 quidam
520 1867 538 1889 e
559 1853 667 1900 plebe
691 1853 871 1895 Boiorum
904 1854 1063 1886 inserere
1088 1863 1165 1885 sese
1186 1851 1369 1897 fortunae
1390 1855 1426 1884 et
1448 1861 1587 1897 provo—

234 1921 324 1945 care
348 1922 459 1945 arma
487 1916 686 1955 Romanam
711 1911 811 1946 Dial.
830 1917 872 1947 10
883 1912 916 1944 si
940 1909 1051 1944 modo
1076 1911 1116 1944 in
1139 1910 1215 1944 hac
1244 1898 1587 1957 studiorumrparte

235 1967 422 2003 oblectare
447 1973 558 2004 otium
585 1977 618 2005 et
642 1982 778 2005 nomen
802 1971 961 2003 inserere
983 1974 1142 2014 possunt
1155 1966 1308 2012 famae.

327 2039 626 2074 INSIGNITIOR
660 2039 759 2085 (qua
798 2048 893 2072 voce
926 2036 1011 2072 Liv.
1045 2046 1202 2083 quoque
1236 2034 1372 2080 utitur,
1410 2033 1443 2070 si
1472 2033 1592 2085 lectio!

235 2089 354 2138 certa}
379 2095 646 2143 positivosslil‘
659 2093 792 2139 multi)
804 2095 908 2129 Ann.
923 2099 958 2136 3,
975 2098 1020 2133 70
1044 2095 1258 2139 insignitior
1280 2092 1478 2139 infamias
1492 2090 1530 2138 4,
1539 2097 1584 2130 51

234 2155 449 2201 insignitius
468 2156 676 2201 flagitium.
1429 2198 1431 2203 ,

332 2224 580 2258 INSISTERE
606 2226 834 2268 more'poet.
867 2226 904 2254 et
936 2230 1012 2266 arg.
1047 2220 1198 2262 aetatis,
1231 2218 1295 2255 sed
1330 2216 1443 2253 Livio
1477 2228 1588 2264 prae-

236 2289 361 2327 eunte,
388 2292 477 2316 cum
502 2281 630 2316 dativo
656 2286 796 2315 constr.
823 2278 959 2325 (vulgo
985 2279 1026 2311 in
1041 2278 1130 2323 aliq.
1145 2279 1240 2320 rem)
1256 2275 1363 2311 nist.
1377 2281 1412 2318 3,
1428 2279 1471 2315 77
1497 2288 1588 2323 per-

240 2346 441 2374 cunctatus
466 2342 595 2374 statim
620 2338 766 2386 regredi
790 2349 830 2371 se
854 2348 906 2370 an
925 2334 1212 2381 perdomandae
1238 2335 1468 2379 Campaniae
1491 2335 1589 2370 insi-

237 2403 332 2431 stere
352 2396 521 2441 juberet‚·
553 2399 656 2432 Anu.
671 2398 728 2440 16,
743 2401 788 2433 25
814 2396 873 2428 sin
900 2392 1114 2429 crudelitati
1138 2394 1339 2438 insistent,-
1372 2395 1407 2436 2,
1421 2396 1466 2427 21
1493 2393 1593 2427 insi-'

237 2462 374 2490 sterent
407 2455 609 2495 caedibus;
648 2455 746 2490 Hist.
761 2459 795 2498 2,
810 2450 858 2489 46
877 2451 1002 2497 fortes
1034 2457 1067 2485 et
1104 2457 1274 2485 strenuos
1307 2452 1419 2484 etiam
1453 2457 1589 2486 contra
1649 2441 1658 2446 κ
1688 2449 1690 2451 ’

227 2512 431 2559 fortunam
459 2516 626 2549 insistere
656 2514 755 2559 spei5
788 2509 961 2557 passive,
995 2508 1078 2546 sine
1111 2508 1185 2543 alio
1219 2508 1378 2543 sortasse
1410 2509 1588 2555 exemplo

238 2571 340 2607 Ann.
356 2577 390 2615 2,
406 2573 452 2609 62
477 2580 519 2606 ut
533 2572 667 2617 fracto
692 2571 775 2614 jam
801 2567 1041 2605 Maroboduo
1077 2578 1194 2613 usque
1227 2567 1267 2600 in
1301 2567 1459 2601 exitium
1494 2566 1589 2601 insi-

238 2636 416 2672 steretur,-
447 2628 620 2665 absolute
652 2629 773 2673 <Liv.)
799 2627 900 2662 Ann.
914 2624 949 2669 4,
964 2626 1009 2662 60
1038 2625 1217 2672 plerique,
1230 2626 1421 2671 inceptum
1446 2635 1589 2659 sermo-

238 2700 323 2723 nem
348 2688 617 2735 abrumpere,
637 2685 891 2722 insistentibus
924 2690 1058 2720 contra
1089 2682 1402 2730 irridentibusque
1433 2674 1588 2729 quise-

234 2745 328 2789 ]‘ano
348 2742 522 2793 fautores
551 2746 726 2781 aderant.
