1702 2982
499 208 704 257 Cavfflari
765 190 929 262 Cedere
992 192 1171 270 CeleBer
1302 198 1304 201 r
1444 204 1531 277 83¹

136 319 211 361 sis,-
244 318 392 367 nist-2,
407 325 454 363 85
491 324 723 371 simultatm,
759 327 895 389 qpibus
929 341 1091 370 causam
1111 337 1288 382 'papffum
1318 350 1496 388 pram?

136 376 275 420 debats
305 376 362 417 Cf.
385 381 534 433 4nm8,
551 387 598 422 12
629 386 722 432 quia
746 386 868 424 dolori
889 401 975 426 meo
1000 402 1122 429 causa
1152 407 1329 450 connexa
1353 408 1421 437 est.
1445 423 1494 432 --·

131 435 191 471 De
212 435 400 484 scriptura
430 435 468 477 ν’.
505 440 667 489 Quintil.
686 449 719 490 1,
735 447 771 490 7,
790 450 839 485 20
872 449 1062 487 Ciceronis
1095 455 1339 502 temporibus,
1373 463 1490 508 paul-

130 493 278 543 lumque
299 494 419 544 infra,
445 499 539 546 (non
570 499 687 550 igitur
710 503 835 540 Taciti
856 507 981 555 aevo)
1000 508 1093 557 jere
1125 514 1266 560 quoties
1297 519 1336 552 S.
1362 518 1485 556 littera

128 551 258 603 media
281 544 474 592 voscalium
500 558 698 608 longarum
722 562 783 598 vel
815 563 986 609 subjecta
1012 568 1142 618 longis
1175 579 1285 619 esset,
1309 580 1488 622 gemina-

126 608 253 656 batur,
277 617 319 647 ut
343 623 510 662 caussae,
536 628 679 665 cassus,
714 620 960 670 divissiones,
994 638 1067 675 quo
1091 630 1204 667 modo
1228 637 1263 667 et
1293 633 1419 682 ipsum
1451 645 1486 675 et

131 669 325 718 Virgilium
348 682 494 722 quoque
516 679 722 726 scripsisse,
747 691 888 717 manus
912 695 1038 722 eorum
1065 687 1212 725 docent.

220 728 489 769 CAVILLARI
512 735 661 785 aliquid
686 752 736 771 ε·-
757 738 975 787 vituperare
998 755 1089 782 cum
1111 745 1297 795 irrisione,
1321 751 1437 790 etiam
1459 766 1482 790 a

124 785 329 836 OEcerone,
367 791 522 839 saepius
561 799 691 832 tamen
727 795 776 832 ab
816 807 1016 848 argenteae
1056 806 1191 843 aetatis
1229 808 1481 858 scriptoribus

123 852 352 894 usurpatum
376 848 483 886 Ann.
505 857 537 896 1,
556 850 606 891 46
627 853 747 892 verba
770 864 920 905 patrum
944 863 1184 900 cavillantem
1209 865 1455 919 (Tiberium).

217 905 406 943 CEDERE
429 916 578 956 praeter
600 914 707 963 vulg.
732 926 846 955 usum
882 917 920 961 1)
949 934 997 952 =
1021 920 1299 970 procedere,
1333 934 1378 964 ut
1404 943 1478 974 χω-

119 965 199 1009 ρεῖν
233 963 339 1001 idem
369 966 474 1017 valet
506 970 611 1018 quod
642 978 850 1021 προχωρεῖν
883 987 947 1024 ap.
978 980 1237 1028 Herodotum,
1279 986 1411 1034 Agric-
1433 994 1477 1027 18

117 1028 233 1069 prout
256 1024 386 1071 prima
411 1029 608 1065 cessissent
619 1030 712 1077 jore
735 1034 935 1077 universa,·
955 1038 1058 1075 Ann.
1073 1044 1106 1084 1,
1122 1044 1168 1079 28
1192 1054 1369 1091 prospere
1393 1058 1476 1096 ces-

116 1091 211 1123 sura
235 1093 334 1130 quae
355 1094 563 1134 pergerent.
612 1089 799 1128 Similiter
831 1092 893 1132 usi
917 1102 1008 1132 sunt
1032 1097 1110 1135 hoc
1143 1100 1262 1137 verbo
1293 1106 1475 1150 permulti

115 1138 288 1187 ejusdem
311 1142 399 1181 aevi
422 1144 637 1194 scriptores,
675 1150 741 1186 sed
774 1152 923 1199 priores
956 1155 1071 1193 etiam
1105 1158 1336 1207 quibusdam
1366 1164 1474 1201 locis.

116 1198 215 1235 Cum
238 1207 383 1247 prout
409 1204 511 1251 apud
537 1208 663 1243 solum
694 1207 852 1247 sortasse
877 1212 1031 1258 Celsum
1054 1216 1303 1262 conjunctum
1332 1221 1474 1269 legitur

117 1264 263 1305 praeter
283 1259 476 1306 Tacitum,
503 1262 570 1300 sed
596 1264 767 1312 ejusdem
791 1271 939 1318 generis
963 1279 1020 1309 est
1043 1273 1140 1311 haec
1173 1275 1349 1322 junctura
1382 1291 1471 1317 cum

112 1327 169 1361 ea,
194 1329 272 1367 qua
294 1321 439 1365 male,
466 1319 609 1370 bene,
635 1337 873 1375 prospere
906 1330 1080 1368 cedere
1105 1334 1247 1372 dicitur
1278 1336 1471 1388 habetque

113 1375 407 1415 etiamscurtius
425 1381 459 1426 7,
473 1377 508 1424 4,
527 1381 574 1419 16
596 1389 807 1435 utcumque
833 1391 1009 1427 cesserit..
1041 1391 1084 1434 2)
1109 1407 1157 1425 =
1180 1394 1384 1443 subjici,
1402 1432 1404 1435 ,
1420 1398 1470 1434 in

110 1441 410 1482 potestatem
434 1438 647 1487 alicujus
681 1445 878 1490 venire,
913 1453 956 1483 ut
981 1449 1212 1497 quibusdam
1243 1454 1347 1501 apud
1373 1456 1465 1501 Cic„

110 1494 257 1539 Horat„
282 1495 394 1543 Virg.
418 1497 525 1542 locis,
552 1501 704 1548 saepius
731 1504 834 1550 apud
865 1504 1020 1542 Livium
1051 1508 1113 1549 (cs.
1140 1511 1174 1555 6,
1192 1509 1237 1551 14
1261 1525 1397 1549 aurum¹
1417 1536 1465 1543 -—

108 1552 151 1587 in
173 1564 380 1600 paucorum
400 1555 589 1602 praedam
615 1562 785 1606 cessisse)
818 1563 920 1600 Ann.
937 1570 970 1608 1,
991 1571 1009 1603 1
1045 1578 1151 1603 arma
1185 1572 1225 1605 in
1248 1576 1464 1619 Augustum

110 1622 272 1656 cessere,·
296 1613 330 1658 6,
343 1611 389 1651 43
416 1626 544 1650 omnes
569 1618 610 1653 in
634 1631 752 1655 unum
774 1621 979 1668 cedebant3
1009 1630 1065 1669 13,
1077 1631 1125 1668 39
1148 1630 1292 1677 reliqua
1312 1631 1462 1678 praeda

107 1670 315 1707 victoribus
340 1675 473 1714 cessit5
495 1674 594 1711 Hist.
610 1667 642 1720 1¹,
659 1682 701 1716 11
731 1680 890 1716 inermes
914 1680 1141 1728 provinciae
1162 1707 1211 1714 —
1234 1690 1276 1723 in
1304 1691 1463 1736 pretium

105 1727 194 1764 belli
219 1741 393 1766 cessurae
415 1741 525 1768 erant
532 1748 547 1775 ‚·
570 1739 605 1779 3,
626 1741 670 1774 83
695 1739 819 1784 spolia
844 1741 885 1775 in
907 1742 1046 1789 vulgus
1071 1744 1253 1782 cedebant
1260 1760 1276 1788 ‚·
1304 1748 1410 1784 Ann.
1423 1754 1459 1794 2,

105 1791 154 1825 23
178 1800 287 1824 omne
311 1791 454 1827 coelum
479 1799 513 1827 et
537 1805 639 1829 mare
663 1807 772 1831 omne
795 1800 835 1833 in
861 1806 1028 1835 austrum
1052 1805 1160 1838 cessit
1192 1804 1237 1851 (i.
1263 1817 1297 1841 e.
1323 1806 1366 1842 in
1388 1819 1461 1843 au-

104 1846 175 1882 stri
208 1852 455 1896 potestatem)
497 1853 537 1897 3)
562 1866 611 1883 =
634 1855 787 1899 verti,
822 1868 927 1894 esse
953 1870 1041 1906 pro
1067 1861 1234 1911 aliqua
1264 1875 1315 1900 re
1347 1877 1459 1912 prae-

104 1897 225 1942 eunte¹
251 1905 364 1943 Livio
397 1907 452 1956 (6,
466 1907 515 1948 34
546 1923 669 1958 poena
701 1915 742 1948 in
775 1917 891 1950 vicem
916 1916 1012 1960 fidei
1046 1926 1223 1965 cesserat)
1256 1927 1295 1958 et
1327 1923 1458 1960 Curtio

104 1963 156 2007 (3,
173 1964 219 2002 16
243 1974 407 2002 cesserat
430 1971 621 2004 temeritas
645 1972 687 2006 in
708 1973 887 2018 gloriam)
914 1987 975 2023 ap.
999 1977 1097 2015 Plin.
1122 1978 1226 2026 maj„
1255 1980 1456 2020 columen.

100 2027 139 2058 et
173 2023 295 2059 Tacit.
328 2024 426 2061 Hisr.
444 2031 487 2071 2,
507 2032 554 2069 59
590 2029 707 2065 honos
730 2034 842 2068 —in
871 2035 1048 2072 solatium
1087 2041 1198 2074 cessit
1208 2053 1223 2081 ,-
1262 2040 1388 2076 Germ.
1412 2040 1458 2079 14

100 2082 233 2129 epulae
258 2082 398 2119 cedunt
415 2098 488 2132 pro
513 2088 720 2135 stipendi03
746 2101 809 2138 cp.
830 2093 880 2131 36
915 2096 1029 2130 Cattis
1051 2114 1102 2122 ——
1113 2095 1282 2142 fortuna
1314 2100 1355 2134 in
1387 2112 1457 2134 sa-

99 2143 284 2189 pientiam
309 2145 434 2178 cessit.
464 2146 665 2183 Poetarum
689 2153 866 2199 exempla
894 2153 1020 2190 attulit
1042 2155 1151 2192 Hess.
1175 2156 1223 2192 ad
1249 2158 1379 2194 Germ.
1395 2156 1452 2196 14.

97 2194 147 2227 ’-’-
171 2200 229 2238 cf.
256 2200 500 2238 resistere.
1263 2236 1267 2242 x

195 2259 423 2304 CELEBER,
461 2262 762 2303 CELEBRITAS
796 2266 1033 2316 (celebri-s
1065 2285 1126 2320 ap.
1162 2273 1339 2310 Tacitum
1368 2277 1468 2324 ple-r

99 2329 262 2366 rumque
289 2319 547 2357 masculinum
581 2333 700 2370 genus
731 2327 933 2373 exprimit,
968 2336 1011 2366 ut
1039 2330 1145 2367 Ann-
1159 2337 1194 2376 2,
1211 2338 1275 2378 883
1311 2331 1367 2379 14,
1384 2340 1451 2380 193

99 2374 239 2421 13,47⁴,
265 2377 315 2412 cf.
343 2385 443 2414 auct.
480 2380 529 2415 ad
560 2383 813 2429 Herenn.2‚4
848 2388 953 2423 locus
978 2388 1148 2437 celebris)
1182 2392 1286 2439 apud
1317 2405 1452 2429 omnes

97 2435 254 2471 omnino
277 2434 479 2482 scriptores
505 2439 538 2474 si
569 2451 648 2476 non
673 2450 818 2489 aperte,
854 2451 892 2481 at
923 2445 1055 2496 aliquo
1087 2453 1216 2485 tamen
1250 2451 1366 2487 modo
1403 2452 1452 2487 ad

95 2504 276 2539 personas
301 2495 477 2540 pertinet,
503 2497 596 2533 dum
620 2499 850 2550 frequens
883 2509 920 2539 et
955 2504 1009 2552 de
1032 2508 1205 2553 personis
1239 2515 1276 2544 et
1310 2510 1357 2545 de
1388 2523 1451 2546 re·-

94 2548 168 2585 bus
209 2558 424 2598 usurpatur.
475 2556 525 2591 V.
559 2558 736 2594 Doederl.
780 2562 925 2607 Synon.
948 2564 966 2597 Ι
1005 2576 1046 2611 p.
1067 2565 1113 2602 16
1133 2577 1190 2614 sq.
1248 2567 1322 2602 Sed
1361 2579 1450 2602 cum

95 2608 190 2656 ipsis
215 2620 461 2656 personarum
485 2615 709 2653 nominibus
745 2630 768 2652 a
792 2618 929 2665 prioris
964 2621 1051 2657 aevi
1083 2622 1332 2671 scriptoribus
1364 2637 1449 2660 raro
1480 2678 1483 2681 ἱ

95 2667 307 2704 admodum
347 2669 591 2721 conjungitur
631 2675 844 2721 celeber,
887 2678 928 2713 id
968 2682 1194 2729 plerumque
1234 2683 1448 2730 designans,

94 2727 199 2774 quod
223 2726 424 2764 hominum
449 2730 664 2779 frequentia
691 2735 757 2770 vel
790 2736 1030 2774 sermonibus
1064 2739 1287 2787 insignitum
1316 2734 1382 2785 est‘,
1410 2747 1452 2776 ut

1097 2798 1126 2832 1²
1140 2802 1163 2834 2
