1702 2982
294 205 472 242 LXXVIII
635 204 641 212 '
784 197 1165 264 Prolegomena

967 269 977 290 Ι

293 314 468 378 propius
511 315 599 376 jam
631 316 834 363 accedunt
866 320 922 364 ad
953 331 1112 366 certam
1141 318 1426 382 membrisque
1455 319 1542 367 suis
1573 318 1637 366 di·

290 387 485 431 stinctam
526 387 724 432 orationis
758 388 1152 448 conformationem,
1199 407 1389 454 quaeque
1419 403 1634 454 gramma-

289 458 361 503 tici
383 459 551 507 Graeco
581 460 909 527 συλλήψεως
939 461 1146 507 vocabulo
1180 462 1386 525 complexi
1407 473 1517 521 sunt,
1552 478 1636 524 qua

288 541 360 576 aut
389 550 542 594 genere
573 538 645 578 a'ut
674 533 888 595 personis,
932 543 1003 577 aut
1041 533 1126 577 alio
1170 550 1252 595 quo
1295 533 1423 579 modo
1452 533 1633 579 *diversa

285 619 370 648 uno
403 605 632 667 eodemque
657 603 975 649 constructionis
1007 621 1159 664 genere
1191 595 1631 667 comprehendun-

285 685 387 731 tur,
420 676 647 737 eademque
677 674 764 720 fere
798 671 1107 734 ζευγματος
1136 674 1245 720 ratio
1274 685 1356 730 est,
1398 675 1482 720 nisi
1517 674 1632 737 quod

285 745 330 791 in
361 745 537 808 syllepsi
580 746 634 790 ab
676 745 727 790 iis
758 745 1006 807 plerumque
1025 762 1146 807 quae
1177 745 1384 807 potiora
1415 756 1530 801 sunt,
1583 745 1630 790 in

236 852 239 855 r
285 828 499 878 zeugmate
540 831 641 861 vero
672 832 698 860 a
738 813 1079 879 propioribus
1126 816 1455 879 comprehensio
1478 815 1558 860 illa
1586 826 1631 862 et

284 887 603 934 constructionis
638 887 747 932 ratio
782 887 990 950 proficisci
1026 888 1188 933 dicitur.
1249 888 1321 933 Ad
1364 886 1630 950 syllepsin

278 959 405 1018 igitur
435 957 669 1020 pertinent:
730 957 844 1003 Ann.
879 962 946 1014 12,
979 969 1006 1009 [4
1035 959 1247 1019 fratrum
1288 959 1335 1012 (i.
1359 975 1394 1004 e.
1423 957 1558 1005 Silani
1585 967 1631 1020 et

280 1029 509 1081 Calvinae)
542 1029 870 1074 incustoditum
892 1045 1089 1074 amorem
1097 1049 1114 1090 ‚-
1149 1034 1186 1086 1,
1209 1035 1264 1074 55
1283 1045 1422 1090 gener
1441 1028 1627 1084 invisus,

278 1100 454 1144 inimici
479 1100 636 1144 soceri
661 1109 805 1153 (socer
835 1111 876 1146 et
905 1111 1026 1163 pater
1045 1100 1273 1159 Arminii);
1305 1091 1548 1163 saepissime
1567 1099 1628 1144 ita

279 1169 692 1232 comprehenduntur
721 1187 862 1227 voces,
895 1187 1016 1233 quae,
1057 1189 1150 1216 curn
1182 1171 1349 1216 diversa
1379 1169 1625 1232 exprimant,

278 1242 492 1286 diversum
523 1258 687 1303 quoque
720 1242 1041 1287 constructionis
1073 1258 1204 1303 genus
1236 1240 1450 1303 postulare
1479 1241 1624 1287 viden-

274 1323 363 1357 tur:
394 1312 506 1356 Ann.
532 1317 569 1367 1,
592 1313 649 1356 68
681 1313 825 1356 donec
855 1313 935 1375 iras
955 1320 1001 1357 et
1032 1313 1128 1374 dies
1155 1313 1440 1371 permansit;
1477 1323 1542 1368 13,
1568 1317 1622 1357 15

266 1383 381 1444 vquia
423 1382 834 1428 dissimulationem
879 1399 977 1427 noa·
1027 1390 1073 1427 et
1117 1383 1310 1427 lasci'ma
1355 1390 1622 1436 exemerat,-

273 1454 390 1498 Hist.
414 1464 453 1506 3,
477 1453 534 1497 68
566 1469 664 1497 nost·
696 1461 742 1497 et
769 1454 970 1513 ignotum
999 1470 1080 1499 rus
1118 1454 1282 1513 sugam
1309 1453 1509 1499 Neronis
1541 1453 1622 1498 ab-

271 1524 572 1581 sconderant3
621 1534 662 1578 4,
695 1535 747 1575 14
781 1524 862 1568 ubi
892 1531 1028 1568 noete
1065 1537 1123 1568 ac
1162 1524 1341 1568 laetitia
1369 1522 1621 1568 incaluisse

273 1595 413 1653 videt3
446 1594 588 1656 Agric.
609 1599 667 1648 37
681 1595 796 1656 finis
828 1595 1050 1656 sequendi
1075 1610 1174 1638 noa*
1205 1601 1251 1638 et
1281 1594 1474 1639 satietas
1488 1594 1621 1659 fuit,-

267 1666 381 1711 Anu.
410 1665 451 1719 6,
487 1669 535 1709 11
571 1683 675 1710 eam
713 1672 998 1725 potestatem
1044 1672 1089 1709 et
1125 1678 1307 1724 paucos
1353 1665 1475 1709 intra
1520 1665 1619 1710 dies

261 1737 400 1795 finem
421 1736 552 1796 (ejus)
577 1736 778 1795 accepit3
812 1742 879 1790 12,
903 1742 958 1780 23
983 1736 1164 1795 praeda
1177 1735 1413 1797 famaque
1443 1736 1618 1792 onusti3

266 1817 308 1862 2,
332 1813 388 1851 80
418 1806 522 1851 hinc
551 1807 758 1862 militum,
801 1808 908 1852 inde
939 1808 1145 1851 locorum
1177 1806 1434 1866 asperitas3
1469 1806 1536 1869 c'p.
1558 1816 1617 1861 29

264 1895 428 1922 manus
476 1894 534 1921 ac
574 1877 804 1936 supplices
854 1894 985 1922 voces
1018 1878 1084 1921 ad
1129 1877 1357 1945 Ti4blerium
1377 1909 1379 1911 ·
1402 1877 1588 1922 tendens
1595 1897 1615 1930 ,⁸

264 1966 330 2010 cp.
351 1952 409 2002 73
444 1955 491 1991 et
518 1955 654 1991 erant
684 1948 764 2007 qui
778 1947 997 2007 sormam
1027 1946 1358 2001 (Germanici),
1400 1955 1611 2003 aetatem,

261 2035 420 2100 genus.
437 2019 614 2072 mortis,
648 2018 704 2061 ob
731 2018 1124 2077 propinquitatem
1155 2017 1296 2060 etiam
1316 2017 1534 2061 locorum
1553 2043 1612 2054 —·-

261 2090 420 2149 magni
443 2088 712 2133 Alexandri
727 2087 848 2147 fatis
881 2088 1214 2147 adaequarent,
1251 2087 1369 2132 Hist.
1379 2097 1432 2143 2,
1456 2093 1512 2132 88
1530 2088 1611 2133 tri„

261 2161 372 2204 huni
413 2176 514 2204 cum
560 2167 734 2203 terrore
779 2165 825 2201 et
872 2165 1162 2202 armatorum
1208 2158 1405 2202 catervis
1451 2159 1610 2203 volita-⁴

259 2231 390 2287 bant,
438 2220 581 2291 Agric.
614 2235 668 2273 25
715 2229 854 2272 mixti
893 2229 1034 2287 copiis
1074 2234 1120 2272 et
1158 2215 1360 2281 iaetilim
1408 2229 1555 2275 Germ.
1582 2233 1604 2274 1

262 2301 515 2346 Germania
545 2328 601 2336 —
650 2317 679 2343 a
722 2299 952 2344 Sarmatis
998 2299 1238 2359 Dacisque
1283 2307 1439 2344 mutuo
1486 2307 1608 2345 metu

257 2379 342 2416 aut
372 2372 600 2415 montibus
649 2377 926 2429 separatum
971 2370 1115 2430 Agric.
1138 2374 1194 2415 38
1227 2378 1274 2415 et
1299 2387 1397 2415 noa·
1426 2369 1628 2431 quidem.

253 2438 422 2502 gaudzjo
474 2442 747 2502 praedaque
803 2441 931 2484 laeta
979 2441 1238 2486 victoribus.
1275 2468 1332 2478 -—
1375 2441 1604 2502 Zeugma

254 2530 354 2558 vero
385 2513 494 2557 inest
523 2512 567 2556 in
590 2511 881 2573 sequentibus:
912 2511 1053 2572 Agric.
1080 2515 1132 2556 13
1165 2511 1216 2556 ni
1244 2513 1378 2557 velox
1407 2511 1600 2571 ingenio,

253 2584 434 2629 mobilis
478 2583 766 2642 poenitentia
807 2585 881 2638 (C.
907 2581 1071 2625 Caesar
1102 2581 1276 2640 fuisset)
1324 2588 1371 2625 et
1398 2581 1600 2642 ingentes

254 2656 478 2699 adversus
515 2654 815 2699 Germaniam
847 2659 1043 2697 conatus
1059 2652 1254 2712 frustra
1267 2653 1493 2712 fuissent,
1527 2650 1597 2705 (cf.

251 2724 363 2771 infra
403 2724 583 2788 Ellipsis
626 2724 745 2770 verbi
767 2746 772 2749 ·
793 2723 945 2780 subse,
992 2724 1065 2769 ubi
1110 2723 1326 2780 simillima
1370 2723 1603 2768 afferuntur-
