1702 2982
1495 227 1510 242 χ
1536 206 1542 226 Ι

264 210 348 259 174
658 230 663 238 „
725 209 938 276 Equester
966 239 1023 257 -.-
1053 212 1173 276 Erga

355 322 610 371 EQUESTER
639 323 665 362 i
689 335 728 374 q.
760 335 897 374 eques
912 337 973 374 ap·
1005 325 1132 364 solum
1161 327 1340 367 Tacitum
1373 328 1479 367 Ann
1494 333 1551 375 13,
1555 324 1613 370 ὶο

260 380 383 419 Julius
414 387 563 419 Densus
593 390 776 430 equester,·
809 389 865 428 12,
879 385 926 424 60
959 385 1068 436 apud
1100 393 1306 435 equestres,
1341 389 1411 436 qui
1438 392 1612 450 Aeoypto

257 441 526 490 praesiderent.
575 440 633 478 Cf.
658 441 906 479 militaris.

347 500 507 547 EQUES
549 499 646 554 sing.
683 512 752 547 pro
794 503 893 548 plur.
930 511 970 539 v.
1003 501 1229 551 Singularis.
1261 522 1311 533 ο·-
1365 502 1614 553 Reipublicae

256 557 493 607 temporibus
518 560 655 605 equites
678 559 864 604 inlustres,
890 560 1074 608 insignes,
1108 561 1313 609 splendidi,
1349 563 1518 612 oppositi
1543 563 1612 600 ob·-

258 620 392 662 scuris,
420 617 568 666 generis
600 616 822 666 antiquitate
856 623 894 653 et
930 619 1154 655 auctoritate
1186 620 1418 660 eminebant.
1465 621 1559 659 Inde
1587 633 1612 658 a

254 675 492 724 temporibus
523 675 690 724 Augusti
722 675 781 710 illi
813 675 929 711 etiam
961 676 1143 725 dignitate
1174 668 1416 725 praestabant
1447 680 1611 716 modicis

253 734 437 784 equitibus
469 733 589 780 (Ann.
605 739 637 777 1,
651 733 736 779 73)
775 743 864 768 nam
896 733 965 783 qui
997 737 1165 783 insignes
1197 735 1322 784 (Αιιιι.
1338 743 1394 782 11,
1409 740 1448 785 5)
1459 764 1471 783 ,
1504 740 1610 775 inlu-

254 802 350 831 stres
375 795 493 838 (Ann.
507 797 541 836 2,
558 797 624 836 593
653 789 687 835 lt,
704 797 771 836 583
808 793 841 835 6,
861 798 924 838 183
961 799 1019 839 11,
1033 792 1066 833 lt-
1081 799 1150 840 353
1189 795 1338 848 1528),
1355 795 1608 844 appellantur,

255 864 415 891 censum
439 858 656 887 senatorum
687 850 832 898 (decies
857 853 894 886 H
917 852 960 898 S)
993 852 1250 901 possidentes,
1284 853 1511 893 senatoriam
1546 854 1610 891 di·-

254 911 437 961 gnitatem
468 908 516 944 ab
550 910 722 957 Augusto
762 917 1005 956 acceperant,
1052 909 1321 960 habebantque
1358 911 1419 960 jus
1458 910 1608 953 tunicae
1665 942 1677 947 -

251 969 478 1012 laticlaviae,
505 968 608 1003 u‘nde
633 969 771 1015 equites
795 968 979 1004 laticlavia·
1012 981 1043 1005 s.
1070 967 1298 1017 simpliciter
1329 972 1515 1007 laticlavia·
1544 971 1608 1007 di·-

252 1026 446 1064 cebantur.
497 1025 554 1062 Cf.
588 1026 711 1062 Tacit.
745 1027 851 1062 Anu.
867 1027 922 1070 16,
941 1031 984 1068 17
1018 1030 1139 1065 Mella
1174 1036 1208 1064 et
1244 1030 1436 1076 Crispinus
1467 1031 1606 1078 equites

250 1087 416 1123 Romani
449 1084 633 1132 dignitate
665 1085 878 1129 senatoria5
921 1086 1024 1121 Suet.
1059 1088 1156 1122 Nero
1178 1084 1226 1124 26
1261 1100 1286 1122 a
1315 1087 1480 1135 quodam
1514 1088 1607 1125 lati-

249 1146 372 1180 clavia
405 1162 452 1170 —
482 1155 598 1191 prope
638 1143 694 1179 ad
733 1155 863 1178 necem
907 1138 1061 1188 caesus,-
1107 1145 1212 1180 hunc
1250 1144 1409 1193 quidem
1447 1146 1606 1193 Tacitus

246 1206 349 1240 Ann.
367 1209 422 1250 13,
437 1208 483 1242 25
509 1204 674 1250 appellat
701 1203 843 1238 Julium
867 1206 1110 1246 Montanum,
1142 1205 1322 1238 senatorii
1347 1205 1502 1249 ordinis,
1535 1203 1605 1241 sed

248 1264 313 1311 qui
340 1262 508 1297 nondum
534 1254 712 1297 honorem
746 1263 979 1307 capessisset.
1030 1260 1102 1296 Sed
1138 1261 1244 1296 hunc
1276 1263 1508 1298 Montanum
1541 1259 1605 1299 sb-

245 1321 386 1357 natoris
411 1320 567 1357 sortasse
592 1319 715 1355 filium
738 1319 855 1355 fuisse
879 1319 970 1355 inde
994 1318 1147 1366 probari
1180 1325 1315 1367 potest,
1351 1321 1456 1369 quod
1489 1333 1602 1357 sena-
1629 1338 1634 1339 ⁷

245 1385 373 1416 torum
399 1391 553 1428 quoque
578 1377 709 1414 liberis
733 1378 855 1413 latum
881 1379 1035 1413 clavum
1059 1377 1218 1414 induere
1253 1384 1291 1414 et
1322 1378 1451 1415 curiae
1483 1378 1602 1415 inter-

246 1448 327 1474 esse
354 1438 527 1485 permisit
557 1437 765 1486 Augustus.
814 1437 864 1472 V.
891 1437 991 1480 Suet.
1019 1436 1100 1473 Oct.
1115 1430 1174 1474 38.
1223 1436 1279 1475 cf.
1315 1447 1414 1486 quae
1445 1448 1603 1473 accura-

244 1495 391 1534 tissime
424 1509 540 1544 super
570 1496 644 1532 hac
675 1507 715 1530 re
741 1494 921 1541 exposuit
945 1495 1100 1531 Walch.
1126 1494 1174 1532 ad
1198 1494 1326 1543 Agric.
1340 1492 1364 1534 4
1390 1499 1516 1543 p.135
1540 1506 1598 1545 sq.

244 1558 334 1593 coll.
364 1554 556 1591 Drakenb.
581 1554 628 1589 ad
654 1552 1533 1598 Liv.30‚18,15.2

339 1616 563 1662 EQUIDEM
587 1624 657 1660 pro
683 1611 809 1658 simpl.
837 1611 993 1660 quidem
1014 1610 1174 1651 D1a1.27
1201 1609 1308 1660 apud
1331 1624 1392 1648 me
1416 1611 1598 1660 equidem.

242 1675 300 1710 Ita
324 1673 473 1722 priores
498 1671 588 1720 jam.
613 1670 706 1707 Vid.
742 1670 884 1705 Osann.
921 1669 968 1704 ad
1001 1669 1040 1705 h.
1066 1671 1093 1707 l.
1141 1669 1286 1706 Primae
1319 1670 1476 1720 quidem
1510 1682 1600 1718 per-

241 1743 357 1769 sonae
388 1731 564 1778 junctum
596 1729 662 1766 sed
699 1726 924 1765 insolentius
959 1739 1049 1763 cum
1078 1728 1221 1777 plurali
1253 1728 1392 1778 legitur
1422 1741 1486 1778 ap.
1517 1729 1596 1768 Cic.

239 1791 343 1828 Sext.
359 1794 403 1830 57
430 1790 602 1838 equidem
628 1786 893 1823 audiebamus.
1490 1804 1492 1806 »

335 1850 560 1885 ERADERE
591 1847 696 1883 Ann-
709 1842 804 1891 4,42
840 1848 924 1881 Mer
927 1845 1031 1881 ulam
1054 1865 1104 1872 -
1127 1845 1215 1881 albo
1248 1846 1434 1881 senatorio
1467 1847 1595 1882 erasit.

237 1910 406 1944 Utuntur
432 1908 503 1942 hac
529 1916 636 1949 voce,
664 1910 700 1940 et
726 1902 879 1951 propria
906 1903 1061 1952 quidem
1087 1904 1142 1939 sio
1122 1903 1228 1952 gnis„
1261 1905 1397 1947 Varro,
1433 1904 1579 1941 Colum.
1571 1930 1593 1949 .,

236 1965 335 2002 Ptin.
360 1964 463 2011 maj„
489 1965 666 1999 translate
690 1964 820 1997 Horat.
846 1961 1047 2007 (elementa
1074 1962 1294 2010 cupidinis),
1328 1962 1482 2007 Seneca,
1517 1963 1597 2009 (vi-
1633 2002 1635 2005 ¹

235 2024 313 2071 iia)
339 2023 531 2064 Phaedrus
558 2023 711 2066 (curam
734 2020 902 2056 habendi
928 2020 1041 2055 corde
1065 2021 1206 2066 erad.).
1582 2011 1584 2013 ¹

272 2093 275 2098 ·
332 2081 467 2122 ERGA
492 2079 708 2128 promiscue
733 2090 865 2125 usurp.
888 2089 977 2112 cum
1002 2080 1054 2122 in,
1082 2079 1299 2123 adversum,
1326 2085 1460 2117 contra
1483 2090 1595 2127 prae-

234 2139 511 2188 positionibus,
549 2137 655 2187 quod
686 2135 756 2171 ubi
787 2135 966 2171 hostilem
999 2136 1285 2185 alienatumque
1316 2137 1489 2172 animum
1521 2149 1596 2172 ex-

237 2198 370 2246 primit
393 2210 521 2234 rarum
548 2209 609 2244 ap.
642 2195 806 2243 priores,
831 2195 936 2230 Ann.
950 2199 1022 2239 2‚2
1043 2195 1161 2240 fastu
1194 2209 1285 2243 erga
1319 2197 1469 2241 patrias
1500 2206 1593 2242 epu-

236 2257 317 2302 las‚·
342 2268 401 2304 cp.
416 2260 460 2297 71
487 2255 632 2292 invidia
658 2266 748 2302 erga
772 2255 979 2297 viventem5
1013 2265 1072 2301 cp.
1087 2254 1134 2294 76
1160 2253 1353 2290 discordia
1378 2265 1469 2300 erga
1498 2256 1591 2290 Ger-

234 2317 455 2359 manicum‚·
493 2312 528 2360 lt,
546 2320 588 2352 11
632 2314 815 2348 atrociore
855 2324 1002 2359 semper
1026 2311 1150 2358 sama
1185 2325 1277 2360 erga
1312 2312 1589 2348 dominantium

235 2375 375 2418 exitus5
413 2373 511 2409 Hist.
534 2371 569 2417 lt,
592 2370 640 2414 49
679 2373 841 2406 alienato
881 2382 986 2418 erga.
1018 2371 1296 2417 Vespasianum
1330 2371 1470 2406 animo.
1531 2369 1589 2408 Cf.

234 2433 361 2480 Nepos
374 2435 459 2468 Dat.
476 2438 519 2470 10
546 2431 628 2466 odio
655 2431 856 2473 communi,
885 2430 986 2477 quod
1011 2440 1104 2476 erga
1128 2440 1252 2475 regem
1276 2436 1590 2475 susceperant.—

232 2491 275 2526 Id
302 2502 455 2557 quoque
477 2491 519 2526 in
544 2488 696 2525 Taciteo
727 2500 900 2524 sermone
925 2499 947 2523 a
971 2486 1122 2535 vulgari
1152 2499 1224 2523 usu
1258 2485 1445 2531 abhorret,
1479 2486 1584 2536 quod

233 2560 326 2597 erga
349 2549 397 2583 ad
422 2549 611 2584 inanimas
635 2546 748 2582 etiam
775 2558 834 2582 res
858 2546 1030 2581 refertur.
1082 2545 1136 2582 Cf.
1172 2552 1320 2592 praeter
1353 2546 1457 2581 locos
1487 2545 1596 2581 inter

233 2618 350 2655 supra
375 2608 548 2642 laudatos
581 2606 658 2641 huc
689 2603 918 2651 pertinentes
949 2604 1054 2639 Ann.
1068 2594 1103 2647 ’4,
1119 2608 1165 2640 20
1199 2616 1243 2638 ea
1275 2605 1403 2652 pri-ma
1439 2602 1581 2639 Tiberio

232 2678 326 2714 erga
356 2668 558 2714 pecuniam
591 2665 756 2698 alienam
793 2660 995 2709 dilige-mid
1025 2660 1240 2708 (avaritia)
1262 2662 1371 2708 juit5
1409 2665 1483 2708 322
1514 2663 1583 2694 suaess3

232 2735 366 2772 prema
391 2736 483 2772 erga
506 2723 726 2760 memoriam
743 2719 825 2764 filii
849 2722 908 2756 sui
930 2732 1090 2757 munera
1114 2719 1189 2767 (cf
1198 2718 1253 2764 14,
1269 2725 1315 2759 55
1338 2727 1407 2756 tua
1430 2711 1579 2766 quidem
