1702 2982
504 183 824 232 Ferramentum
854 210 912 219 --
940 185 1069 233 Ferre
1151 248 1153 251 v
1375 149 1458 238 1557
1553 219 1570 230 κ

102 295 244 342 36‚17;
277 298 373 345 Nep.
405 297 542 334 Them.
563 303 605 341 23
639 300 749 335 Eum.>
774 305 840 345 113
871 299 1036 350 Hamile.
1061 305 1098 338 1.
1153 301 1250 339 cum
1283 301 1453 350 genitivo

102 355 252 399 Am1.1,
266 360 313 393 32
337 354 491 392 cassius
515 357 680 393 Chaerea
697 376 743 384 —
758 364 839 393 tum
865 357 1084 394 adolescens
1115 367 1149 395 et
1174 361 1293 394 animi
1307 359 1426 405 ferox
1434 376 1449 404 ‚-

101 409 137 455 4,
156 417 199 449 12
223 413 383 457 Sejanus
407 433 454 441 —
466 414 583 461 ferox
606 417 817 460 scelerum3
850 415 949 453 Hist.
965 421 998 460 1,
1013 420 1060 455 35
1083 419 1192 453 nimii
1214 418 1348 462 verbis,
1375 420 1449 454 lin-

98 482 200 517 guae
214 471 390 518 feroces.'
428 474 484 508 Ita
503 473 616 510 Ovid.
636 476 730 511 Met.
746 480 779 520 8,
795 475 864 513 613
890 474 1044 517 deorum
1068 482 1213 524 spretor
1237 484 1317 513 erat
1341 490 1450 514 men—

98 530 217 576 tisque
230 528 352 574 ferox
373 532 502 566 Ixione
529 539 656 567 natus.

84 631 87 632 ⁷
191 586 581 626 FERRAMENTUM‘
597 592 722 629 Germ.
736 598 783 631 30
819 602 928 630 omne
951 593 1069 630 robur
1098 595 1141 630 in
1170 593 1307 642 pedite,
1339 605 1450 641 quem

37 642 41 645 ⁷
95 657 209 693 super·
232 659 344 683 arma
357 647 608 694 jer-ramentis
640 663 785 698 quoque
809 659 845 688 et
877 654 993 700 copiis
1027 659 1195 689 onerant.
1242 655 1337 688 Item
1369 652 1450 688 sin-

94 703 195 751 gulis
219 705 316 742 locis
342 707 432 752 Cic„
460 708 558 748 Liv„
591 708 655 744 alii
684 710 725 745 h.
751 722 790 747 v.
823 718 1020 759 usurpant.
1070 714 1207 749 Nostro
1239 713 1326 747 loco
1345 710 1447 758 ferr.

94 763 196 806 sunt,
222 764 402 801 Passovio
426 773 593 811 notante,
618 774 749 812 rastra,
775 767 935 817 ligones,
961 781 1123 807 secures.

193 821 442 862 FERRATUS
475 825 579 861 Ann.
595 817 629 871 δ’,
643 823 690 863 45
719 827 759 861 in
790 826 924 872 fronte
961 836 1146 864 statuerat
1174 828 1367 876 serratos,
1408 831 1459 865 in-

95 878 274 916 cornibus
299 882 478 927 cohortes,
505 898 529 919 a
553 891 655 935 tergo
687 893 899 930 semermos,
933 886 960 922 i.
987 899 1020 923 e.
1055 887 1185 926 ferreis
1217 888 1347 924 loricis
1384 888 1448 923 in·-

93 935 219 973 dutos.
265 939 321 982 13³
343 941 530 978 -Horatius
554 942 714 989 ferrata
738 946 898 991 agmina
923 951 961 982 et
983 946 1249 994 inscription-es
1262 945 1442 992 ferratus

91 996 210 1033 miles·
255 997 375 1045 Apud
410 1002 601 1049 Plautumv
615 1000 794 1047 ferratus
835 1010 966 1039 servus
998 1011 1055 1040 est
1096 1004 1238 1042 catenis
1271 1012 1442 1058 onqstus.

91 1054 212 1090 Ceteri
243 1055 290 1090 ad
315 1068 387 1101 res,
413 1070 492 1094 uon
517 1060 565 1095 ad
590 1060 766 1098 homines
791 1072 929 1097 vocem
952 1062 1133 1102 referunt.

121 1130 123 1132 -
184 1112 335 1149 FERRE
367 1123 515 1162 praeter
546 1121 745 1167 vtssgarem
768 1132 881 1156 usum
909 1121 948 1167 1)
974 1120 1001 1156 i.
1028 1133 1065 1169 q.
1090 1133 1271 1168 rapere,
1303 1122 1443 1170 raptim

88 1168 238 1218 ducere,
264 1178 307 1208 ut
329 1175 529 1212 notissima
554 1183 611 1213 est
630 1178 773 1214 locutio
782 1179 893 1225 serre
915 1187 1028 1228 atque
1049 1192 1171 1228 agere,
1189 1179 1300 1227 serre
1318 1172 1441 1230 ageri,

86 1227 185 1271 ferri
218 1232 356 1279 agique
388 1233 435 1269 de
469 1235 607 1281 praeda
637 1243 675 1272 et
708 1249 770 1285 ap.
803 1237 1012 1285 Virgilium
1043 1240 1173 1275 omnia
1201 1239 1283 1286 fert
1317 1247 1446 1282 aetas,-

86 1295 123 1323 τε
136 1288 234 1334 sata
259 1292 435 1336 tulerunt,
461 1294 564 1328 Ann.
579 1299 612 1337 2,
628 1300 674 1336 39
699 1298 868 1331 Postumi
883 1296 1077 1344 Agrippae
1099 1310 1232 1334 servus
1245 1298 1444 1345 -fraude

86 1354 154 1382 aut
177 1351 216 1383 vi
240 1357 393 1394 raptum
417 1354 632 1399 Agrippam
659 1353 767 1399 ferre
792 1354 846 1389 ad
871 1357 1052 1390 exercitus
1085 1356 1330 1392 Germanicos
1357 1371 1442 1407 &non

86 1408 211 1441 servili
243 1410 370 1443 animo
402 1412 590 1456 concepit;
623 1410 760 1449 DiaLss
795 1412 842 1448 de
872 1413 926 1457 vi,
962 1425 1079 1463 quam
1104 1414 1191 1462 quis
1215 1413 1368 1464 ingenio
1403 1421 1442 1452 et

88 1463 258 1500 oratione
291 1473 440 1502 exercet
470 1470 660 1516 principes
688 1469 779 1515 fori
809 1490 858 1497 —
891 1479 1014 1519 agunt
1045 1471 1255 1520 feruntque
1287 1481 1440 1511 cuncta.

89 1523 128 1566 2)
163 1520 334 1559 absolute
365 1524 390 1562 i.
426 1538 464 1574 q.
499 1526 619 1562 ferri
650 1527 750 1564 Dial.
767 1534 812 1566 10
847 1530 967 1576 quod,
1002 1542 1090 1566 cum
1122 1540 1266 1568 natura
1297 1540 1366 1569 tua
1397 1536 1441 1570 in

85 1581 212 1627 ipsam
237 1593 364 1618 arcem
389 1585 618 1631 eloquentiae
632 1585 755 1632 serat,
783 1600 913 1623 errare
935 1590 1081 1630 mavis;
1105 1588 1211 1626 Ann.
1225 1596 1261 1635 2,
1275 1596 1321 1629 23
1334 1599 1441 1640 post-

86 1650 203 1685 quam
227 1640 402 1676 mutabat
426 1650 549 1678 aestus
573 1645 772 1692 eodemque
796 1658 867 1693 quo
892 1654 1025 1682 ventus
1038 1646 1207 1693 ferebat.
1259 1649 1314 1686 Cf.
1340 1651 1437 1698 Nep.

20 1728 22 1731 .
85 1696 210 1735 Dat-4
235 1710 344 1746 quem
368 1702 503 1746 procul
536 1705 653 1748 Aspis
686 1707 919 1750 conspiciens
951 1707 1006 1743 ad
1038 1720 1077 1742 se
1100 1707 1293 1753 ferentem
1322 1711 1439 1756 perti-

85 1757 236 1797 mescit,·
259 1757 357 1792 Plin.
383 1760 434 1792 H.
459 1760 503 1795 N.
519 1764 553 1805 2,
566 1762 615 1800 96
639 1763 679 1796 in
708 1766 974 1810 Tarquiniensi
999 1766 1087 1801 lacu
1109 1789 1159 1796 --
1183 1766 1258 1803 duo
1282 1779 1439 1805 nemora

85 1813 370 1860 circumferunt.
404 1817 603 1853 notissima
627 1826 715 1855 sunt
747 1828 914 1869 tempus,
950 1827 1122 1869 occasio,
1156 1827 1310 1861 animus
1332 1826 1439 1873 fert,-

83 1872 137 1908 ita
163 1873 305 1910 omisso
329 1872 570 1917 substantivo
594 1877 695 1913 Anu.
709 1885 743 1924 3,
760 1885 804 1918 15
839 1884 984 1918 sociam
1010 1896 1051 1918 se
1075 1884 1333 1932 cujuscunque
1344 1885 1440 1932 for..

82 1938 199 1966 tunae
223 1939 268 1977 et,
293 1933 326 1966 si
350 1934 404 1967 ita
418 1932 554 1980 ferret,
583 1936 670 1982 (res,
702 1937 874 1985 fortuna)
909 1944 1083 1977 comitem
1113 1943 1218 1981 exitii
1243 1946 1439 1990 promitte-

81 1988 171 2033 bat5
195 1990 293 2027 Hisr.
306 1995 341 2034 2,
356 1989 404 2028 44
427 1992 494 2029 ho:
521 2000 618 2028 certe
642 1995 813 2032 nondum
838 2000 957 2034 victos
981 2007 1027 2044 et,
1061 2002 1095 2035 si
1118 2003 1173 2036 ita
1194 2002 1332 2048 ferret,
1365 2004 1436 2039 ho-

82 2052 222 2085 nestius
245 2052 286 2085 in
310 2052 392 2085 acie
413 2054 609 2097 perituros.
639 2055 678 2099 3)
705 2055 851 2101 poetice
876 2057 903 2092 i.
930 2070 968 2106 q.
994 2059 1225 2095 nuntiare
1248 2062 1349 2098 Ann.
1364 2068 1396 2107 1,
1412 2069 1436 2102 5

71 2107 195 2154 fama
221 2108 352 2144 eadem
377 2110 464 2144 tulit
472 2125 485 2154 ,·
517 2111 550 2154 6,
565 2108 611 2151 47
636 2117 831 2150 tormentis
856 2128 1049 2152 servorum
1074 2121 1301 2155 Macronem
1322 2134 1438 2168 prae-

82 2166 222 2202 sedisse
257 2157 504 2203 commentarii
537 2170 591 2205 ad
625 2180 793 2208 senatum
823 2176 926 2210 missi
947 2174 1152 2222 serebant5
1194 2182 1250 2221 15,
1266 2179 1312 2216 60
1340 2180 1438 2219 baec

71 2224 182 2272 ferre
198 2228 363 2265 Granius
375 2229 610 2265 Silvanus—
624 2237 658 2266 et
673 2254 720 2259 -——
722 2236 964 2278 percunctari
979 2238 1154 2271 Senecam
1163 2236 1327 2281 jubetur.
1352 2241 1440 2277 Huc

82 2284 246 2331 pertinet
258 2284 371 2320 etiam
392 2284 673 2336 q'uodammodo
689 2291 814 2327 Germ.
829 2294 851 2331 7
876 2292 933 2328 ad
946 2294 1123 2342 conjuges
1135 2296 1297 2331 vulnera
1301 2296 1442 2342 ferunt

83 2343 309 2390 exquisitius
333 2343 489 2381 dictum!
504 2358 573 2393 pro
600 2349 760 2383 vulnera
786 2350 996 2397 ostendunt,
1022 2360 1178 2389 notante
1201 2353 1278 2401 jam
1290 2356 1440 2393 Hessio.

85 2397 128 2445 4)
153 2400 180 2435 i.
205 2413 243 2450 q.
265 2401 450 2448 jactare
478 2404 580 2441 Ann.
596 2412 630 2450 2,
646 2405 692 2444 43
726 2419 838 2443 avum
870 2414 929 2446 M.
954 2414 1175 2457 Antonium,
1211 2417 1441 2451 avunculum

85 2461 292 2505 Augustum
304 2459 450 2506 ferens-
501 2463 558 2500 Cf.
583 2466 683 2502 Vell.
699 2471 734 2512 1,
751 2472 793 2503 11
819 2469 884 2514 qui
917 2481 956 2503 se
988 2471 1205 2519 Philippum
1241 2476 1440 2521 regiaeque

86 2518 214 2562 stirpis
237 2517 404 2562 ferebat.
453 2523 492 2566 5)
530 2522 556 2557 i.
582 2535 619 2571 q.
652 2525 817 2570 auferre,
851 2527 1098 2575 accipere,
1129 2541 1169 2566 v.
1202 2531 1356 2567 Walch.
1389 2532 1440 2568 ad

88 2574 217 2622 Agric.
232 2580 292 2612 31.
339 2579 459 2614 Prave
484 2579 675 2617 intellexit
707 2583 944 2621 Forcellinus
975 2588 1106 2622 locum
1131 2587 1209 2624 cic.
1234 2590 1338 2624 Fam.
1354 2596 1387 2634 8,
1404 2596 1438 2637 8,

88 2644 181 2667 nam
204 2631 260 2668 ibi
286 2635 507 2672 calumniam
521 2637 631 2684 serre
653 2651 734 2676 non
758 2648 815 2678 est
839 2642 979 2689 inferre
1004 2645 1119 2680 alicui
1149 2647 1235 2690 cal„
1268 2647 1335 2683 sed
1369 2661 1441 2684 ca-

90 2691 252 2727 lumniae
275 2690 462 2740 damnari,
487 2696 634 2734 auferre
659 2699 772 2748 quasi
796 2701 1020 2745 calumniae
1047 2714 1202 2740 causam
1234 2706 1442 2754 agendam3
