1702 2982
298 236 385 282 370
428 211 430 213 v
516 278 518 283 Α
652 229 944 294 Praescriptio
973 257 1031 265 -—
1061 230 1292 276 Praestare

293 336 594 395 praescripsisset
614 344 763 381 tribum}
795 345 987 381 custodiae
1011 347 1192 393 apposito,
1228 358 1277 381 ne
1293 349 1543 384 vundan-etur
1568 355 1635 384 cet.

294 403 336 450 4)
362 406 667 452 praetexere,
702 402 966 439 obtendere
992 404 1109 452 (quod
1136 404 1247 447 vide)
1281 417 1341 450 ap.
1369 408 1496 441 solnm
1520 406 1636 442 'raci-

293 470 376 499 tum
410 462 624 510 exprimere
657 460 808 498 videtur
835 463 949 497 ΔΑιιῐι.
969 459 1004 506 4,
1028 467 1073 499 52
1093 461 1251 507 frustra
1286 464 1492 500 Pulchram
1523 453 1639 510 prae-

293 522 427 566 scribi3
453 528 509 565 11,
527 521 571 558 16
585 519 741 566 frustra
766 509 983 555 Arminium
1009 519 1230 566 praescribi.

385 579 730 623 PRAESCRIPTIO
755 579 936 622 Ann.1,7
965 590 1011 613 ne
1035 567 1197 612 edictum
1226 579 1390 625 quidem,
1417 593 1486 626 quo
1510 587 1646 626 patres,

289 641 330 675 in
363 640 515 682 curiam
545 637 721 680 vocabat,
755 638 845 672 nisi·
866 635 1090 671 tribuniciae
1121 639 1315 682 potestatis
1345 641 1638 685 praescriptione

201 679 204 681 .
257 709 265 713 “
287 699 425 745 posuit,
451 696 477 731 i.
489 708 522 732 e.
550 694 782 743 praescripto
807 694 963 729 nomine
988 705 1058 729 suo
1083 700 1120 728 et
1143 693 1256 729 titulo
1281 693 1442 732 tribuni.
1470 696 1528 735 cf.
1555 697 1635 734 cie.

288 757 390 791 Fam.
407 760 440 797 5,
456 759 478 790 2
501 757 539 789 S.
567 757 677 789 Ctum
701 765 745 788 ea
769 753 1062 799 praescriptione
1086 759 1152 787 est.

380 812 635 848 PRAESENS
646 823 685 847 v.
710 813 962 858 Tempora.

380 871 623 906 PRAESENS
648 880 930 935 nonnunquam
954 873 1184 916 praegnante
1210 874 1416 916 usurpatur
1440 868 1642 920 significa..

286 929 391 966 tione
416 930 541 978 qualis
566 935 621 964 est
647 927 688 963 in
713 927 907 963 locutione
930 938 1108 975 praesens
1138 927 1303 972 pecunia
1338 926 1364 963 i.
1378 939 1412 963 e.
1437 939 1550 981 quae
1561 935 1638 965 sta-

285 988 354 1025 tim
380 987 604 1030 exsolvitur,
630 992 945 1032 repraesentatur,
971 987 1072 1020 Anu.
1091 990 1122 1028 1,
1137 989 1182 1022 38
1207 997 1386 1032 praesens
1410 987 1635 1034 supplicium

285 1046 390 1096 quod
418 1045 545 1082 statim
570 1044 732 1081 sumitur
741 1055 753 1090 3
780 1043 876 1079 Hist.
891 1048 925 1088 2,
941 1046 986 1082 75
1011 1055 1188 1089 praesens
1205 1042 1378 1089 facinus
1397 1045 1512 1092 quod.
1531 1052 1635 1092 patet

283 1100 409 1152 ptimo
434 1103 615 1150 adspectu
642 1101 708 1148 (cf.
735 1101 897 1148 Quintil.
914 1107 970 1141 10,
985 1105 1018 1143 7,
1036 1107 1053 1137 1
1075 1103 1394 1146 praesentissimis
1417 1104 1634 1161 periculis),-

282 1161 334 1197 ita
353 1163 571 1208 praesentia
595 1161 790 1197 interdum
823 1158 1018 1207 designant
1053 1165 1286 1205 praesentem
1319 1172 1444 1196 rerum
1481 1162 1632 1209 statum,

282 1221 351 1269 qui
377 1219 501 1257 subita
533 1219 694 1256 consilia
728 1215 916 1255 desiderat
948 1217 1053 1252 Aun.
1068 1221 1103 1261 2,
1120 1222 1164 1254 80
1199 1220 1387 1253 tutissima
1413 1233 1432 1254 e
1437 1226 1634 1267 'praesen-

281 1278 400 1323 tibus,·
432 1276 587 1322 Liv.2l1,
603 1283 648 1315 23
686 1277 819 1312 deserti
844 1288 869 1311 α
894 1275 1087 1318 militibus,
1126 1278 1217 1322 quia
1246 1275 1292 1312 id
1324 1281 1548 1314 tutissimum
1583 1292 1658 1318 ex⁴

280 1337 542 1385 praesentibus
573 1335 797 1379 videbatur,
839 1338 1053 1382 Syracusas
1084 1336 1232 1370 rediere
1283 1335 1340 1373 Cf.
1373 1337 1454 1372 ind.
1478 1337 1522 1372 in
1546 1337 1631 1374 Liv.

279 1395 682 1488 DraklfglleSENTIA
716 1451 763 1487 ad
799 1450 1093 1494 similitudinem
1127 1451 1284 1499 quidem
1318 1452 1395 1489 loci
1423 1453 1501 1490 Cic.
1529 1455 1631 1490 Fam.

281 1518 314 1557 5,
331 1518 351 1550 8
377 1514 611 1559 praesentiae
635 1518 722 1546 tuae
755 1510 992 1553 desiderium,
1033 1509 1097 1545 sed
1125 1509 1355 1547 insolentius
1379 1510 1549 1556 junctum
1576 1514 1634 1548 le·-

281 1570 384 1618 gitur
408 1571 513 1605 Anu.
530 1576 621 1615 11,8
657 1569 915 1613 ΝΙὶιΙιι-ἰάαιεε,
954 1581 1060 1615 quem
1090 1587 1135 1594 —
1161 1569 1215 1604 ad
1237 1568 1503 1615 'praesentiam
1540 1563 1636 1606 Cae-

279 1630 377 1662 saris
400 1635 576 1663 vocatum
603 1630 810 1663 memoravi
834 1648 881 1654 —-
905 1630 946 1662 in
972 1639 1130 1675 regnum
1156 1630 1349 1664 remeavit.
1388 1629 1518 1665 Minus
1549 1632 1632 1676 pla-

279 1692 365 1721 cent
390 1697 487 1734 quae
512 1687 687 1722 Handius
713 1698 827 1732 super
848 1687 921 1721 hoc
940 1687 1027 1720 loco
1049 1686 1230 1732 exposuit
1251 1687 1291 1721 in
1312 1687 1476 1722 Tursell.
1490 1687 1588 1723 Tom
1600 1689 1628 1723 1.

278 1757 316 1791 p.
333 1749 412 1783 128,
437 1764 484 1770 -
509 1746 554 1778 In
577 1747 662 1780 loco
687 1745 817 1791 Agric.
833 1750 876 1781 31
904 1750 1002 1779 recte
1027 1755 1066 1778 se
1091 1743 1205 1779 habet
1231 1747 1271 1780 in
1292 1747 1522 1792 praesentia.
1573 1747 1630 1781 Ita

277 1802 496 1848 saepissime
531 1803 704 1851 loquitur
729 1803 816 1838 Liv.
844 1802 938 1843 (vid.
962 1801 1154 1836 Drakenb.
1181 1803 1226 1837 ad
1253 1804 1287 1847 6,
1302 1805 1360 1848 26,
1377 1804 1437 1848 8);
1463 1803 1511 1840 of.
1536 1814 1569 1838 e.
1591 1815 1628 1852 g.

277 1861 311 1902 6,
328 1861 374 1896 26
396 1872 533 1906 pacem
563 1865 602 1897 in
627 1865 855 1908 praesentia,
882 1872 951 1895 nec
976 1863 1029 1895 ita
1055 1861 1171 1894 multo
1202 1869 1287 1908 post
1305 1865 1494 1898 civitatem
1513 1861 1638 1898 etiam*

274 1923 521 1968 inpetrarunt,
557 1926 593 1955 et
627 1920 696 1968 qui
732 1920 888 1966 propius
915 1918 1027 1954 etiam
1051 1919 1097 1953 ad
1134 1919 1311 1954 Tacitum
1344 1920 1489 1962 accedit
1519 1922 1628 1957 locus

279 1982 312 2022 7,
329 1980 374 2018 37
412 1979 554 2024 duplici
577 1977 776 2023 frumento
813 1981 853 2012 in
883 1984 1114 2023 perpetuum,
1152 1978 1192 2012 in
1225 1981 1440 2024 praesentia
1467 1980 1628 2025 singulis

276 2035 397 2071 bubus
421 2055 468 2061 —-
493 2035 636 2070 donati.
690 2035 743 2073 cf.
771 2035 1085 2071 accusativus
1109 2037 1208 2079 1106,
1225 2035 1261 2083 b,
1277 2051 1313 2081 η.

369 2095 664 2129 PRAESIDERE
689 2105 728 2127 v.
754 2093 796 2127 in
823 2098 1031 2127 accusat.
1494 2115 1495 2118 η

370 2152 670 2187 PRAESIDIUM
711 2151 821 2185 Livio
846 2157 900 2186 ,et
935 2151 1089 2186 Caesare
1127 2151 1398 2196 praeeuntibus
1430 2142 1624 2188 interdum

274 2210 403 2257 ipsum
427 2212 558 2245 locum
583 2209 755 2256 designat
780 2207 1035 2253 praesidiariis
1060 2207 1250 2244 militibus
1268 2209 1461 2249 firmatum
1475 2212 1539 2246 vel
1557 2209 1624 2245 fir·-

275 2269 456 2303 mandum
489 2275 526 2305 et
562 2267 770 2314 opponitur
805 2265 903 2311 justo
941 2266 1086 2300 castelli
1116 2267 1357 2302 munimento
1386 2267 1491 2301 Anu.
1517 2273 1550 2310 1,
1576 2269 1623 2305 56

274 2330 393 2374 posito
415 2328 567 2362 castello
590 2338 703 2373 supet
723 2326 880 2371 vestigia
901 2326 1052 2371 paterni
1071 2324 1254 2370 praesidii
1274 2327 1314 2359 in
1327 2332 1453 2360 monte
1468 2329 1623 2368 Tauno,

274 2384 308 2428 4,
323 2383 369 2426 49
390 2392 593 2431 postquam
621 2385 774 2419 castello
795 2403 842 2408 —
861 2394 936 2417 non
963 2382 1292 2428 degrediebantur,
1321 2382 1507 2426 obsidium
1536 2397 1619 2420 coe-

272 2445 328 2490 pit
359 2455 426 2490 per
457 2443 661 2489 praesidia,
697 2454 792 2488 quae
824 2447 1025 2487 opportune
1051 2440 1134 2484 jam
1172 2440 1376 2476 muniebat.
1426 2442 1482 2477 Cf.
1511 2443 1617 2480 Caes.

274 2502 316 2536 B.
340 2501 380 2537 C.
396 2506 429 2543 3,
445 2498 491 2537 45
518 2512 603 2535 cum
630 2502 722 2548 legio
752 2500 921 2535 Caesaris
945 2510 1045 2533 nona
1070 2499 1306 2546 praesidium
1333 2500 1527 2545 quoddam
1553 2512 1614 2536 oc-
1637 2527 1642 2531 -

273 2561 487 2605 cupavisset
513 2566 546 2593 et
570 2561 715 2593 munire
741 2558 916 2603 coepisset
941 2562 978 2591 et
1001 2568 1100 2604 quae
1124 2557 1321 2593 Drakenb.
1351 2564 1498 2605 praeter
1522 2559 1561 2594 h.
1587 2560 1614 2594 1.
1657 2577 1658 2580 ¹

270 2617 407 2652 adtulit
430 2616 477 2650 ad
503 2616 584 2666 Liv.
601 2615 658 2662 24,
665 2614 777 2660 22,4.

364 2674 648 2711 PRAESTARE
673 2675 715 2709 in
740 2673 878 2709 malam
913 2681 1059 2721 partem
1082 2686 1212 2721 usurp.
1245 2675 1350 2710 Ann.
1363 2679 1398 2719 2,
1413 2672 1460 2712 24
1485 2682 1614 2711 trucu-

271 2735 390 2770 lensia
426 2735 533 2770 coeli
551 2739 724 2780 praestat
763 2737 838 2770 Ger
840 2745 994 2776 mama,
1030 2733 1121 2768 Sall.
1162 2731 1272 2769 Catil.
1297 2738 1344 2774 37
1377 2734 1442 2780 qui
1475 2732 1612 2780 ubique
