1702 2982
219 207 336 268 'XXII
719 220 1104 281 Prolegolnena
1420 227 1432 247 ⁸
1487 234 1493 245 “

241 349 347 403 pert.
378 340 434 383 ad
464 338 603 386 locum
632 338 888 400 priolem),.
900 348 941 382 et
970 338 1215 384 Suetonii
1247 336 1594 400 Tranquilli,

243 410 315 474 qui
345 409 479 457 Plinii
508 409 682 455 minori-s
712 409 792 458 fuit
822 409 1058 464 amicus¹)‚
1090 409 1225 455 libris.

358 490 401 537 7.
441 480 767 542 Agrippinae
807 478 1170 526 commentarii
1206 479 1319 524 Anu.
1358 490 1407 535 4,
1445 481 1504 525 52
1542 466 1594 524 id

244 568 325 617 ego
352 551 508 611 reperi
533 550 579 594 in
611 550 950 598 commentat-“ns
981 549 1266 609 Agrippinae
1278 550 1434 611 filiae,
1474 564 1592 611 quae

243 623 442 669 Neronis
459 621 683 680 principis
717 628 868 670 mater
902 621 1043 665 vitam
1074 637 1208 663 suam
1239 628 1285 667 et
1316 635 1453 665 casus
1486 635 1592 664 suo-

246 709 348 737 rum
372 692 576 752 posteris
609 691 892 737 memoravit.
953 691 1015 736 V.
1045 689 1162 737 Plin.
1193 690 1234 735 h.
1266 702 1350 738 nat.
1381 691 1427 738 in
1455 690 1598 740 indice

246 762 344 807 libri
380 763 550 825 septimi
583 774 624 807 et
661 773 710 820 7,
755 762 782 806 6
819 763 1051 809 Neronem
1087 787 1146 800 --
1169 762 1363 842 pedibus
1394 762 1595 822 genitum

243 849 417 893 parens
452 836 547 895 ejus
580 834 741 877 scri'bzt
771 834 1048 893 Agrippina.-

368 909 407 950 3.
440 903 594 948 Fasti
626 914 676 948 et
707 903 1067 951 commentarii
1097 901 1395 965 principum
1426 903 1538 947 Ann.
1561 913 1598 958 1,

255 980 305 1018 15
340 975 485 1028 ludos,
518 974 598 1033 qui
625 975 680 1018 de
709 976 889 1019 nomine
918 974 1120 1034 Augusti
1136 973 1289 1034 fastis
1328 972 1478 1018 additi
1506 973 1600 1017 Au-

248 1045 451 1104 gustales
489 1052 786 1097 vocarentur;
819 1056 858 1099 3,
887 1055 938 1098 17
970 1045 1136 1088 consul
1152 1046 1208 1080 -ἐ-
1231 1060 1394 1090 nomen
1415 1043 1600 1088 Pisonis

252 1115 505 1159 radendum
526 1115 680 1175 fastis
722 1115 910 1160 censuit.
949 1144 1005 1153 --
1067 1115 1181 1159 Hist.
1221 1127 1268 1170 4,
1307 1122 1364 1165 ΔΟ
1403 1114 1530 1173 petit
1572 1129 1603 1158 a

257 1186 462 1230 Caesare
491 1186 647 1229 Iunius
669 1185 922 1239 Mauricus,
958 1193 1009 1229 ut
1026 1186 1459 1230 commentariorum
1474 1180 1623 1244 prin-⁸

255 1257 473 1315 cipalium
489 1263 772 1315 potestatem
803 1256 993 1300 senatui
1001 1257 1211 1317 faceret,
1246 1272 1336 1315 per
1373 1264 1485 1315 quos
1525 1269 1611 1298 now

253 1334 415 1381 sceret,
439 1343 568 1386 quem
588 1326 774 1386 quisque
795 1327 1108 1371 accusandum
1123 1327 1426 1386 poposcisset.
1491 1325 1606 1370 Con-

223 1389 224 1392 *
254 1398 492 1440 sulendum
535 1388 625 1441 tali
657 1412 797 1454 super
835 1412 886 1440 re
920 1396 1179 1455 principem
1225 1396 1472 1455 respondit.
1536 1393 1606 1440 Cf.

254 1466 370 1512 Plin.
399 1466 485 1531 Ep.
522 1476 599 1521 10,
640 1477 710 1519 71.
751 1476 779 1523 7
813 1499 830 1531 .>
883 1466 982 1512 Huc
1025 1466 1384 1512 etiam'retuleris
1426 1466 1607 1528 Augusti

255 1537 522 1601 imperatoris
546 1548 839 1584 testamentum
862 1539 1036 1601 ejusque
1058 1536 1249 1582 libellum
1281 1553 1363 1599 quo
1395 1553 1498 1599 opes
1528 1554 1605 1599 pu·
1632 1578 1633 1584 ,

255 1607 387 1652 blicas
421 1624 496 1651 sua
525 1624 652 1652 manu
683 1607 997 1670 perscripserat.
1057 1606 1118 1653 V.
1151 1608 1261 1653 Anu.
1288 1618 1324 1663 1,
1347 1613 1389 1652 8.’
1415 1619 1480 1652 11.
1532 1606 1604 1652 De

258 1678 362 1723 actis
396 1678 553 1723 diurnis
585 1678 732 1740 populi
765 1689 805 1723 et
837 1690 1005 1724 senatus
1035 1698 1075 1723 v.
1107 1677 1213 1723 LeX.
1246 1694 1280 1722 s.
1312 1697 1352 1723 v.
1383 1688 1518 1723 acta.

229 1739 232 1752 Κ
376 1752 415 1794 9.
449 1749 731 1794 Orationes
765 1760 813 1793 et
845 1749 1110 1812 epistolae
1145 1749 1443 1811 principum
1473 1747 1606 1793 alio-

258 1836 474 1880 rumque
505 1820 783 1874 Ann.1,·‘81
821 1820 877 1863 de
910 1821 1104 1866 comitiis
1138 1819 1458 1864 consularibus
1489 1835 1609 1879 quae
1670 1820 1673 1827 '

260 1897 353 1933 tum
386 1906 588 1948 primum
625 1890 702 1933 illo
743 1890 955 1948 princepe
999 1907 1056 1934 ac
1099 1890 1311 1948 deinceps
1338 1888 1485 1949 fuere
1531 1889 1608 1934 vix

260 1959 502 2019 quidquam
517 1958 728 2019 firmare
760 1960 936 2011 ausi‚·m
976 1961 1092 2003 adeo
1132 1960 1310 2005 diversa
1349 1974 1440 2010 non
1470 1959 1606 2004 modo

262 2030 391 2088 apud
419 2037 648 2083 auctores,
681 2030 767 2074 sed
793 2046 840 2072 ln
875 2029 1018 2087 ipsius
1059 2027 1280 2085 (Tiberii)
1319 2024 1606 2077 orationibus

261 2100 564 2158 reperiuntur.
618 2099 687 2144 Cf.
710 2099 824 2144 Hist.
851 2111 886 2154 1,
910 2109 979 2152 90.
1001 2127 1059 2133 -
1105 2098 1291 2160 Inspexit
1309 2098 1492 2143 sortasse
1514 2116 1608 2147 eam

262 2170 388 2216 etiam
420 2171 670 2226 orationem,
712 2187 838 2250 qnam
867 2169 1072 2215 Vitellius
1103 2180 1247 2215 contra
1290 2164 1370 2214 Cn.
1401 2159 1608 2214 Pisonem

262 2238 461 2284 habuisse
484 2241 646 2295 dicitur,
680 2242 880 2300 cujusque
910 2240 1168 2284 mentionem
1198 2239 1298 2285 facit
1319 2239 1433 2284 Plin.
1455 2240 1497 2285 h.
1508 2251 1605 2298 nat.

240 2319 332 2363 ’11,
362 2320 415 2362 71
450 2318 648 2366 „escstat
680 2311 831 2354 oratio
868 2308 1066 2364 Vitellii„
1097 2326 1189 2370 qua
1224 2327 1353 2356 reum
1389 2312 1607 2357 Pisonem

262 2382 358 2441 ejus
381 2382 566 2425 sceleris
602 2381 828 2433 (veneficii)
864 2381 1074 2440 coarguit
1103 2408 1161 2414 —-—
1191 2398 1281 2425 non
1305 2382 1518 2440 potuisse
1549 2382 1606 2426 ob

266 2466 482 2495 venenum
514 2467 594 2494 cor
629 2452 896 2517 Germanici
921 2451 1138 2495 Caesaris
1173 2452 1414 2499 ενθῙη-ανί.ις
1431 2461 1486 2496 ‘tt
1505 2454 1604 2514 pro-

264 2519 327 2563 cul
363 2519 489 2564 dubio
520 2537 620 2565 usus
652 2532 715 2564 est
736 2521 925 2566 oratione
947 2521 1117 2587 Claudii
1136 2522 1401 2584 imperatoris
1427 2521 1478 2567 de
1501 2521 1605 2566 Gal-

263 2589 315 2633 lis
355 2590 399 2633 in
440 2602 678 2635 senatorum
717 2609 933 2638 numerum
973 2592 1223 2653 recipiendis
1267 2593 1400 2646 (Ann.
1427 2602 1492 2646 11,
1524 2599 1602 2643 24)

295 2743 330 2787 ¹)
358 2743 413 2779 cf.
438 2743 532 2785 Plin.
559 2746 627 2792 Ep.
656 2750 711 2788 10,
737 2748 796 2786 95.
