1702 2982
1135 200 1137 203 -
1609 197 1613 214 ·

246 239 297 273 VI
394 230 399 235 ’
753 227 1092 275 Praefatio
1672 222 1674 224 V

303 303 307 317 x
1422 320 1424 322 v
1510 322 1518 335 .

253 343 331 409 que
360 348 452 408 jure
492 350 721 410 erspecteS,
760 347 856 406 luce·
891 364 992 403 sane
1033 347 1185 394 clarius
1207 358 1312 404 uest,
1349 346 1631 411 priusquam
1653 343 1656 345 ³
1680 369 1684 398 ς

253 430 433 477 arduum
463 429 586 475 illum
614 430 948 493 immensumque
978 428 1168 476 laborem
1189 428 1457 492 adgrediaris,
1490 448 1597 494 opus

254 529 346 557 esse
378 513 698 574 diligentissima
728 514 914 558 omnium
944 514 1202 576 antiquitatis
1233 526 1601 561 monumentorum

255 594 545 656 explicatione,
587 607 640 653 et,
679 615 732 642 ne
774 588 987 642 levissimo
1020 597 1191 659 quidem
1220 598 1520 660 praetermisso
1541 600 1601 655 *),
1644 589 1647 595 ’
1699 613 1702 623 ¹

256 678 359 740 quid
389 679 535 741 cuique
565 679 783 742 proprium
815 680 869 724 sit
899 680 1099 726 acerrime
1129 680 1375 742 investigari
1406 678 1571 726 debere.

373 761 458 805 His
505 758 630 823 igitur
672 763 898 824 expositis,
940 763 985 808 in
1025 761 1106 808 hoc
1145 762 1254 808 libro
1297 763 1460 808 edendo
1503 749 1606 826 quid

254 844 347 906 ipse
381 839 547 889 secutus
582 845 675 901 sim,
708 856 749 890 et
781 863 906 907 quem
936 857 1102 907 praeter
1132 846 1267 908 ipsius
1301 845 1446 892 Taciti
1475 845 1603 893 inter-

254 927 534 989 pretationem
575 946 784 976 summum
833 928 955 990 quasi
994 929 1137 974 finem>
1159 928 1262 973 mihi
1297 927 1606 991 proposuerim,

256 1010 358 1054 satis
396 1011 577 1072 patebit,
617 1022 743 1073 atque
783 1011 879 1056 inde
920 1011 1043 1056 simul
1076 1011 1234 1074 optime
1266 1003 1485 1072 dijudicari
1513 1016 1608 1074 pot-

257 1093 335 1138 erit
375 1093 554 1139 instituti
594 1094 679 1138 mei
709 1094 830 1139 ratio.
891 1094 1024 1138 Haud
1061 1095 1163 1140 sane
1196 1093 1418 1156 quisquam
1449 1105 1514 1139 est
1541 1095 1608 1139 in-

258 1187 321 1220 ter
351 1177 497 1221 omnes
528 1176 789 1238 antiquitatis
831 1177 1074 1239 scriptoreS,
1115 1177 1187 1239 qui
1225 1194 1319 1222 cum
1349 1193 1451 1221 suus
1481 1176 1609 1239 plane

257 1259 324 1314 sit,
358 1275 516 1320 suoque
549 1260 675 1304 etiam
706 1260 749 1304 in
781 1259 991 1305 scribendi
1035 1276 1188 1319 genere
1227 1259 1385 1305 nitatur
1423 1259 1607 1322 ingenie,
1634 1262 1637 1265 ⁴
1668 1245 1674 1250 .

256 1342 463 1402 majorem
493 1342 538 1386 in
568 1342 742 1387 modum
772 1341 961 1404 p'ostulet
992 1353 1117 1403 atque
1149 1342 1308 1403 flagitet
1339 1348 1461 1388 suam
1482 1359 1621 1405 pecu-·

257 1423 491 1485 liaremque
522 1441 695 1486 prorsus
727 1425 1136 1487 interpretationem3
1181 1441 1307 1469 nemo
1339 1435 1416 1480 est,
1458 1424 1531 1487 qui
1560 1441 1612 1470 ea

257 1492 310 1550 in*
333 1523 456 1551 usum
486 1507 899 1572 familiaritatemque
941 1508 1063 1570 quasi
1098 1507 1319 1569 recipiens,
1361 1523 1468 1570 quae
1499 1507 1614 1569 apud

259 1588 381 1645 alios,
424 1590 587 1651 priores
628 1591 830 1645 maxime,
871 1607 968 1634 raro
1010 1591 1240 1635 admodum
1267 1589 1498 1652 leguntur,
1535 1590 1612 1634 sed

258 1668 452 1732 leguntur
482 1683 636 1728 tamen,
670 1672 889 1717 clariorem
907 1671 1042 1717 lucem
1057 1673 1203 1717 afferre
1218 1672 1353 1736 possit
1372 1673 1499 1717 totius
1515 1657 1616 1717 lati-.

258 1754 401 1799 nitatis
421 1755 674 1816 cognitioni3
697 1756 774 1800 sed
794 1755 984 1817 quamvis
1003 1755 1170 1816 egregia
1187 1765 1310 1817 atque
1329 1755 1431 1802 mihi
1444 1756 1611 1820 quoque

259 1848 380 1898 grata
420 1849 460 1882 et
497 1838 670 1900 accepta
709 1838 836 1883 fuerit
884 1839 1146 1899 quorundam
1184 1838 1228 1883 in
1269 1837 1446 1899 singulis
1489 1837 1612 1899 hujus
1675 1867 1681 1872 ,

236 1920 320 1976 *rei
352 1919 664 1965 difficultatibus
703 1920 952 1965 amoliendis
984 1937 1140 1982 opera,
1168 1920 1236 1965 vix
1268 1924 1519 1982 quemquam
1549 1920 1612 1964 in—

259 2003 403 2047 venias
436 2003 544 2047 inter
574 2003 800 2063 graviores
823 2003 1039 2048 dumtaxat
1070 2003 1190 2048 latini
1225 2003 1430 2047 sermonis
1469 2013 1615 2047 aucto«
1652 2059 1659 2068 ι

258 2102 341 2141 reS‚
375 2085 446 2146 qui
476 2086 521 2130 in
552 2086 603 2130 iis
638 2102 743 2148 quae
784 2086 837 2130 ad
868 2085 1094 2130 verborum
1127 2086 1506 2147 grammaticaeque
1538 2101 1622 2130 eo·-

224 2185 356 2212 .rum
398 2179 626 2214 structurae
671 2168 991 2230 explicationem
1027 2169 1252 2230 pertinent,
1290 2167 1427 2212 minus
1468 2172 1662 2233 exper-n'

258 2251 412 2295 tussit
444 2252 661 2296 doctorum
693 2266 835 2296 curam
866 2252 1076 2314 ⁴virorum.
1138 2250 1270 2311 Quod
1309 2266 1408 2294 vero
1447 2249 1613 2294 lexicon

259 2333 529 2394 potissimum
571 2334 718 2394 scripsi
749 2332 970 2378 Taciteum
997 2336 1085 2389 **),
1123 2350 1211 2378 non
1252 2331 1611 2388 commentarium,

396 2440 493 2443 „—⁴v,
500 2440 545 2443 ᾼ,,
1416 2430 1434 2439 a

356 2487 395 2532 ²¹³)
421 2487 521 2523 Vide
547 2501 644 2537 quae
679 2489 842 2524 Heldius
869 2490 924 2526 Cl.
951 2501 994 2525 ea
1019 2499 1135 2536 super
1158 2501 1198 2524 re
1219 2476 1474 2524 ‘disseruitin-
1493 2486 1612 2523 Praef.

260 2545 307 2579 ad
335 2546 503 2583 Caesaris
529 2548 576 2583 de
601 2547 638 2582 b.
665 2549 739 2585 civ.
763 2548 1067 2584 commentarios.

354 2634 414 2679 **>
443 2636 554 2670 Haud
581 2636 726 2683 ignoro,
762 2649 886 2684 nuper
910 2649 931 2671 a
955 2637 1160 2682 Wiss0wa‚
1195 2635 1291 2671 Viro
1319 2635 1374 2671 cl.
1399 2640 1611 2682 suspectam

261 2704 341 2727 esse
374 2694 561 2729 redditam
593 2695 693 2731 hanc
726 2696 918 2731 Tacitei
951 2708 1105 2740 vocem,
1140 2689 1380 2741 eundemque
1416 2692 1611 2738 lectiones,

263 2764 356 2799 quas
385 2752 536 2800 scripsit
570 2754 736 2791 Tacite
749 2767 816 2799 as,
850 2768 890 2792 re
912 2755 1134 2803 ‘accuratius
1160 2755 1393 2797 examinata,
1428 2751 1614 2788 Taciti-
